3078 4906
580 327 860 393 -39-.

215 524 296 607 „Qui
320 523 410 588 sein
435 522 484 586 sul
507 521 626 605 gremio
649 519 830 604 positimm
854 519 932 583 eto.“

192 631 295 711 Quam
322 647 504 696 mensuram
538 627 566 692 si
602 625 771 710 sequimur,
807 623 997 689 vocabulum
1023 621 1111 704 „sui“
1150 616 1286 702 synizosi

101 738 344 824 pronuntiemus
367 754 492 800 neeesse
508 736 556 799 est
572 733 611 798 ad
628 733 745 797 falsum
760 729 1075 815 proceleusmaticum
1091 723 1282 791 evitandum.

102 884 146 894 -
170 843 276 911 Ceteri
297 841 439 907 Terentii
462 839 597 905 editores
622 839 680 903 hae
703 837 856 903 metiendi
878 836 1000 900 rationo
1022 833 1171 898 utuntur:

213 949 297 1032 „Qui
320 968 352 1013 se
374 948 408 1012 iu
433 947 483 1012 sul
506 945 626 1031 gremio
648 945 828 1029 positumm
852 942 948 1027 ete.“]

199 1100 206 1107 -
268 1055 347 1120 sdo:
365 1054 454 1119 Adel.
473 1054 537 1118 958
556 1052 656 1136 („Sud
672 1050 736 1116 sibi
749 1049 946 1134 3111111111.α
960 1047 1100 1112 Nisivox
1115 1044 1211 1125 „suo“
1224 1041 1285 1105 hoe

317 1159 385 1224 loeo
410 1158 544 1242 synizesi
563 1157 797 1240 pronuntiatur,
819 1151 1116 1238 proceleusmaticus
1139 1149 1209 1183 ⁴⁹⁹⁹
1233 1166 1285 1212 ox·

317 1265 428 1346 oritur,
454 1264 509 1347 qui
531 1263 567 1326 in
590 1263 682 1327 initio
701 1280 810 1326 versus
826 1260 987 1325 interdum
1003 1277 1076 1323 sane
1092 1253 1283 1334 admittitur,

319 1370 381 1452 sed,
407 1369 464 1434 ubi
487 1369 557 1433 fieri
580 1369 693 1450 potest,
718 1366 867 1431 vitandus
888 1367 936 1430 est
951 1363 1062 1448 procul
1077 1358 1216 1442 dubio.);
1242 1396 1284 1406 -

265 1478 344 1542 tria:
369 1478 465 1542 Haut.
483 1477 563 1556 646;
588 1475 660 1539 tdi:
678 1475 753 1538 Heo.
780 1475 860 1551 2193
884 1472 973 1536 Adel.
992 1473 1072 1556 683;
1096 1475 1176 1545 Ilun.
1202 1482 1283 1561 8023

264 1585 344 1653 too:
367 1584 494 1648 Phorm.
520 1584 595 1664 849,
625 1584 722 1663 1053;
747 1581 836 1646 Adel.
863 1583 943 1664 9743
969 1622 1010 1629 —
1295 1581 1298 1588 '

265 1689 377 1755 meae:
401 1689 528 1754 Phorm.
555 1690 634 1769 2013
660 1688 761 1752 siae:
787 1688 861 1751 Heo.
887 1689 966 1770 8123
993 1729 1033 1737 -

266 1794 367 1860 ddos:
390 1794 481 1860 Adel.
507 1796 586 1875 2983
612 1832 653 1844 -
678 1794 751 1858 bas:
776 1794 902 1858 Phorm.
927 1796 1162 1878 1039;1ne0s:
1186 1803 1282 1869 Haut.

320 1904 420 1984 10273
446 1939 488 1949 -
513 1902 605 1966 suis:
630 1901 756 1966 Phorm.
783 1902 862 1982 213;
889 1941 930 1948 —
955 1904 1055 1971 sios:
1079 1906 1177 1973 Andr.
1203 1910 1283 1992 969;

265 2009 359 2073 tiis:
383 2008 481 2072 Andr.
507 2009 587 2089 9753
611 2008 708 2072 Haut.
738 2009 836 2089 10373
863 2047 905 2054 —
928 2010 1026 2075 titos:
1052 2013 1127 2079 Hee.
1154 2016 1228 2081 239.

214 2115 242 2177 2.
268 2132 321 2178 ea:
347 2115 442 2178 Haut.
473 2115 571 2194 10133
597 2113 672 2177 Heo.
699 2114 780 2194 617;
804 2152 845 2160 -
870 2133 923 2178 eo:
947 2115 1074 2182 Phorm.
1102 2121 1181 2202 2013
1205 2122 1281 2187 Hoo.

318 2221 398 2300 4743
436 2257 477 2266 -
512 2238 603 2283 mea:
643 2219 739 2283 Haut.
780 2219 855 2301 315,
900 2222 996 2302 1067;
1035 2223 1162 2291 Phorm.
1202 2227 1283 2309 5633

319 2325 400 2390 Adel
425 2326 506 2406 6293
534 2363 575 2373 —
599 2343 691 2389 meo:
715 2324 795 2389 Eun.
823 2327 1052 2405 ‘231;Ph0rm.
1081 2332 1181 2413 10313
1208 2370 1249 2381 —

268 2450 345 2496 suo:
385 2432 460 2496 Heo.
487 2433 547 2497 531
591 2431 735 2515 (Codices
774 2430 858 2496 huno
896 2432 1002 2497 looum
1040 2435 1085 2499 sio
1120 2437 1282 2503 exhibent:

321 2536 479 2620 „tempori
503 2557 559 2602 suo
582 2535 769 2620 ptpererit.“
794 2537 887 2602 Voois
906 2540 1084 2622 „tempore“
1102 2543 1283 2608 terminatio

318 2647 373 2724 „e“
416 2643 521 2708 brevis
546 2645 623 2708 est.“
673 2642 858 2725 Spengelius
881 2644 1001 2709 talibus
1039 2646 1116 2711 locis
1145 2649 1283 2732 syllabas

318 2752 432 2815 natura
454 2751 563 2814 breves
579 2750 647 2814 iotu
668 2749 849 2832 rhythmico
872 2750 981 2834 longas
1009 2752 1079 2817 fieri
1114 2754 1282 2837 existimat,

320 2876 399 2940 quae
423 2857 579 2921 sententia
601 2856 683 2919 mihi
706 2876 768 2921 non
790 2857 951 2938 probatur.
985 2859 1203 2925 Fleckeisenus
1225 2881 1284 2944 pro

274 3045 279 3050 ι
321 2965 499 3046 „tempore“
526 2961 660 3026 oonieoit
686 2963 872 3045 „tempori“,
897 2964 981 3047 quod
1001 2966 1190 3032 vooabulum
1204 2967 1284 3031 ulti·

320 3090 406 3136 mam
434 3070 589 3154 syllabam
616 3069 744 3152 longam
771 3069 875 3133 habet.
929 3069 989 3134 Sed
1016 3070 1097 3135 hano
1124 3073 1284 3137 oonieotu-

319 3197 396 3260 ram,
433 3176 577 3261 quamvis
600 3175 679 3240 levis
704 3175 755 3256 sit,
778 3175 916 3258 recipere
939 3176 1059 3258 dubito,
1086 3197 1158 3242 cum
1174 3197 1284 3260 super-

319 3303 487 3349 vacaneam
520 3303 588 3347 eam
617 3301 683 3346 esse
707 3277 869 3346 censeam!
906 3280 997 3345 Nihil
1020 3283 1104 3347 enim
1128 3283 1282 3367 equidem,

321 3392 359 3455 ut
380 3389 445 3454 iam
469 3409 564 3472 supra
578 3387 726 3469 indicavi,
752 3388 876 3452 obstare
896 3389 982 3471 puto,
1008 3390 1176 3471 quominus
1192 3408 1284 3454 voea-

319 3495 397 3559 bula
412 3495 553 3560 inlibris
576 3494 695 3559 tradita
718 3493 763 3558 sio
786 3492 969 3560 metiamur:

456 3597 617 3685 „tempore
641 3605 698 3665 siro
722 3598 919 3682 pepererit“?

214 3706 283 3770 Hoe
317 3705 417 3788 igitur
446 3708 631 3790 exemplum,
669 3705 790 3772 simeo
813 3707 969 3772 sententia
991 3727 1064 3772 vera
1087 3710 1143 3790 est,
1168 3708 1203 3772 in
1225 3727 1285 3773 nu-

104 3829 192 3878 mero
216 3811 389 3877 formarum
413 3812 547 3894 synizesi
569 3832 632 3877 non
654 3812 961 3894 pronuntiandamm
995 3813 1175 3879 habendum
1210 3815 1285 3899 est.)

267 3920 346 3983 tua:
381 3918 507 3982 Phorm.
548 3919 632 3983 1016
668 3918 729 4001 (De
763 3918 822 3982 hoo
856 3917 938 4000 loeo,
979 3938 1040 4001 quo
1063 3919 1164 3983 forma
1189 3922 1283 4002 „tua“

215 4029 287 4090 ante
321 4025 489 4090 diaeresim
515 4024 619 4107 posita
645 4027 701 4106 est,
725 4024 809 4088 infra
831 4024 924 4107 plura
946 4023 1079 4108 dieam);
1108 4026 1183 4092 Heo.
1220 4027 1285 4093 618

216 4131 451 4216 (Fleckeisenus
475 4131 561 4194 huno
587 4149 714 4194 versum
737 4130 782 4194 sio
805 4130 950 4195 metitur:

219 4236 381 4319 „Ntsoiam
405 4238 516 4300 verim
539 4237 595 4301 tua
618 4235 737 4300 refert
759 4236 815 4317 nil,
841 4235 950 4299 utrum
972 4234 1065 4299 illaeo
1088 4234 1250 4303 11111111.α

217 4342 278 4408 Sed
300 4343 503 4426 praeferenda
524 4343 606 4406 milri
640 4343 767 4407 videtur
789 4361 855 4406 esse
878 4360 1034 4422 mensura,
1071 4361 1133 4424 qua
1154 4342 1287 4425 plurimi

107 4447 245 4513 editores
267 4449 318 4513 usi
342 4451 430 4514 sunt:
1117 4451 1120 4456 '
