3078 4906
658 850 1003 1004 Thesea.

284 1287 309 1350 l
335 1286 429 1369 Soplu
454 1286 593 1351 Philoct.
633 1307 713 1352 vers.
751 1291 817 1354 416
843 1309 917 1354 cum
941 1289 1135 1354 Vauvillerio
1158 1289 1329 1373 legendum
1349 1309 1407 1354 esse

336 1412 460 1458 censeo:
506 1392 566 1484 „vd
587 1383 751 1481 τάἰσχρόν
773 1394 894 1480 ἐχθρόν
916 1398 970 1462 καὶ
996 1395 1034 1461 τό
1061 1393 1197 1484 χρηστόν
1233 1391 1407 1482 ciperon

270 1501 312 1566 11.
337 1501 419 1567 Ibid.
443 1521 524 1567 vers.
551 1503 698 1576 8611868
722 1502 804 1568 hanc
827 1525 967 1588 propono
1002 1504 1186 1569 lectionem:

335 1597 383 1691 „oi
416 1618 526 1693 φέγγος
549 1604 655 1674 ir'rrooo
668 1606 820 1692 διάδοχον
849 1609 891 1676 vo*
923 1607 1128 1676 τ’ἑλπίδων

312 1719 313 1722 ’
335 1713 497 1800 ἄμεινον
521 1713 693 1804 οἶκούρημα
715 1713 817 1783 τῶνδε
838 1714 902 1784 τῶν
924 1713 1056 1795 ξενῶν.“

247 1824 304 1887 lll.
329 1824 472 1907 Propert,
499 1824 523 1888 I.
550 1831 580 1889 8.
604 1844 683 1888 vers.
704 1826 743 1888 21
770 1825 852 1890 male
867 1810 1080 1890 Baehrensius
1097 1825 1296 1908 optimorum
1319 1821 1400 1888 codi-

335 1950 409 1996 cum
442 1927 610 1995 lectionem
646 1931 704 2011 „de
736 1933 787 1996 te“
814 1931 958 1996 servavit
985 1971 1027 1979 —
1051 1931 1133 1996 Ibid.
1157 1951 1239 1996 vers.
1266 1928 1405 1995 2211111ιί
1500 1953 1501 2012 p

333 2037 487 2121 probatur
510 2036 663 2119 scaligeri
689 2037 870 2101 coniectura
888 2026 1045 2119 „acerba“'
1063 2056 1120 2120 pro
1136 2036 1297 2102 librorum
1311 2033 1404 2116 scrip·
1500 2035 1501 2098 3

333 2146 408 2207 tura
432 2143 578 2223 „rerba“.

333 2249 385 2314 Sic
407 2249 509 2332 igitur
531 2249 601 2333 lego
626 2270 705 2315 vers.
733 2252 772 2315 21
799 2254 831 2316 et
855 2253 912 2316 22:

336 2355 437 2437 „Nam
459 2375 596 2420 menon
619 2355 703 2420 ullae
726 2359 877 2439 poterunt
901 2375 1100 2439 corrumpere
1125 2355 1271 2435 tacdae,

333 2463 418 2542 Quin
441 2481 507 2545 ego,
531 2462 607 2543 vita,
632 2464 687 2526 tuo
711 2462 822 2528 limine
844 2463 980 2528 acerba
1002 2465 1168 2546 querar.“

137 2611 139 2615 ,
254 2569 307 2633 IV.
332 2568 475 2651 Propert.
513 2568 537 2632 Ι.
566 2570 615 2633 13.
647 2588 727 2633 vera.
754 2570 852 2650 29130
874 2569 960 2633 inter
983 2568 1143 2649 lectiones,
1179 2587 1260 2652 quae
1284 2569 1321 2634 in
1343 2567 1404 2634 eli-

333 2674 475 2740 tionibus
519 2675 718 2756 exhibentm,
758 2676 849 2740 nulla
882 2675 963 2764 mihi
997 2675 1126 2741 videtur
1163 2675 1297 2740 ferenda
1334 2693 1402 2740 esse

334 2780 496 2864 Scriptum
519 2781 631 2845 velim:

336 2888 420 2970 „Nec
442 2887 570 2969 mirum,
595 2907 669 2952 cum
692 2888 736 2952 sit
757 2889 835 2953 Jove
859 2888 955 2972 digua
977 2891 1014 2954 et
1037 2889 1217 2973 proxima,
1241 2889 1343 2954 Leda

333 2995 380 3059 ut
401 2993 519 3058 Ledae
542 2997 655 3077 partu
682 2994 846 3078 gratior,
871 3014 943 3059 una
966 2995 1124 3060 tribus.“

270 3104 307 3166 V.
333 3103 371 3167 In
397 3101 556 3184 „ominis
583 3122 662 3166 vers.
696 3103 762 3167 334
799 3102 969 3166 maximam
1003 3101 1265 3185 probabilitatem
1289 3101 1406 3167 habent

334 3209 530 3274 coniecturae
554 3208 799 3273 Westenrickii:
1225 3283 1228 3286 ,

335 3315 417 3398 „Hic
439 3316 472 3379 et
493 3315 660 3379 Tantaleae
683 3334 817 3398 genere
841 3314 987 3399 amplus
1011 3315 1132 3399 prolis
1154 3315 1345 3382 Atrides.“
1495 3381 1496 3396 ἶ

253 3423 307 3488 vl.
331 3423 369 3487 In
399 3421 549 3486 carminis
580 3421 713 3502 Buram,
738 3420 834 3505 {quod
867 3422 1059 3487 inscribitur
1095 3423 1162 3504 „Dc
1194 3422 1346 3506 Phyllide
1376 3423 1407 3486 ot

332 3529 456 3608 Flora,“
484 3527 616 3611 stropha
641 3530 658 3593 1
684 3530 777 3612 (vers.
806 3529 907 3612 1-3)
940 3527 1107 3593 scribenda
1139 3528 1316 3593 Sohmeller
1341 3528 1406 3592 sinc

332 3635 417 3699 iusta
440 3652 534 3698 causa
557 3653 576 3697 a
598 3634 705 3699 codice
728 3634 910 3699 Monacensi
925 3634 1065 3700 recessit.
1091 3634 1252 3700 Vocabulo
1272 3635 1404 3717 „seeus“

331 3741 367 3805 in
404 3739 527 3821 „sicut“
560 3742 683 3805 mutato
718 3740 795 3804 libri
826 3739 1018 3825 scripturam
1052 3759 1182 3823 prorsus
1207 3741 1315 3823 aptam
1340 3757 1407 3805 esse

332 3847 448 3912 iudico.
1285 3868 1290 3873 ·
