3078 4906
314 1144 541 1227 Mensebuius
563 1161 640 1227 anni
663 1159 810 1245 Augusto
823 1161 1018 1227 editaestab
1042 1162 1222 1226 Hermanno
1234 1161 1371 1245 Lepper-

114 1261 118 1270 ’
192 1297 309 1345 manno
326 1275 1372 1360 111111111111111111111111ςί111,111111111111111111111111111111111-ι

194 1385 345 1450 bulorum
361 1381 579 1465 iambioomm,
603 1401 683 1466 quae
698 1382 782 1466 apud
796 1381 949 1447 Plautum
963 1381 999 1446 in
1010 1382 1141 1447 senariis
1157 1383 1251 1466 atque
1267 1383 1372 1465 septe-¹

194 1491 293 1556 nariis
315 1486 461 1555 iambicis
484 1489 516 1553 et
537 1488 705 1554 trochaicis
728 1487 934 1572 invenitur.¹)
961 1488 1217 1572 Leppermannus
1233 1487 1369 1571 exponit,

192 1592 227 1661 et
259 1614 338 1680 quae
371 1593 575 1678 potissimum
607 1612 722 1678 genera
755 1593 982 1658 vocabulorum
1015 1595 1130 1659 natura
1163 1593 1372 1658 iambioornm

195 1700 408 1784 corripiantur
431 1720 449 1765 a
470 1699 585 1765 Plauto
609 1700 641 1764 11
663 1700 800 1783 quantus
824 1698 913 1764 sitin
929 1699 1063 1783 singulis
1079 1699 1196 1766 fabulis
1220 1703 1374 1764 numerus

198 1809 414 1890 correptorum
437 1824 493 1888 pro
516 1823 647 1869 numero
670 1823 734 1868 nou
756 1805 980 1886 correptorum

302 1913 373 1993 Qua
395 1909 655 1977 commentatione
690 1909 845 1976 adductus
880 1911 1026 1995 equidem
1049 1911 1086 1975 ad
1114 1911 1298 1977 Terentium
1320 1914 1374 1976 1111

192 2019 336 2084 converti
363 2020 395 2084 et
417 2016 576 2101 explorare
599 2016 723 2099 studui,
758 2035 821 2101 qua
844 2017 964 2082 ratione
986 2016 1093 2082 iunior
1114 2019 1206 2100 poeta
1228 2037 1305 2082 usus
1329 2017 1371 2082 sit

121 2179 122 2182 ,
193 2125 229 2190 in
252 2124 458 2208 corripiendis
485 2121 616 2189 vocibus
650 2122 805 2187 iambicis.
852 2123 1125 2205 supervacaneum
1146 2123 1280 2188 forsitan
1302 2123 1373 2187 cui-'

193 2231 281 2314 piam
312 2231 458 2297 videatur
492 2248 573 2312 esse,
608 2229 668 2294 hoc
691 2248 728 2294 ex
750 2229 897 2294 Terentio
920 2229 1090 2314 exquirere,
1130 2231 1298 2312 postquam
1319 2247 1371 2295 res

194 2338 279 2421 apud
300 2338 453 2403 Plautum
476 2336 622 2402 absoluta
644 2337 701 2401 est.
749 2335 810 2402 Sed
833 2356 906 2402 cave
930 2336 975 2401 sic
997 2335 1134 2401 iudices!
1181 2335 1262 2401 Cum
1286 2334 1371 2400 1111111

193 2445 306 2508 notum
341 2443 392 2525 sit,
429 2462 604 2508 sermonem
637 2441 862 2507 Terentianum
895 2443 997 2508 multo
1020 2440 1121 2525 magis
1144 2441 1282 2524 politum
1304 2459 1371 2506 essa

192 2568 230 2615 ac
252 2548 410 2631 limatum
435 2568 532 2633 quam
554 2547 750 2630 Plautinum,
775 2549 859 2614 certe
881 2548 972 2613 nobis
996 2547 1171 2613 cavendum
1193 2548 1250 2629 est,
1275 2565 1314 2612 111
1336 2547 1372 2611 in

192 2653 386 2737 quaestione,
422 2653 527 2738 qualis
561 2655 610 2718 est
644 2653 682 2717 de
716 2653 919 2736 correptione,
955 2652 1086 2718 eandem
1108 2653 1284 2735 licentiam,
1308 2654 1374 2736 que'

194 2760 347 2825 Plautum
369 2778 465 2824 usum
488 2779 554 2824 esse
576 2761 706 2840 constet,
731 2759 828 2824 otiam
841 2759 987 2824 Terentio
1009 2761 1127 2824 temere
1142 2759 1368 2840 adiudicemus,

196 2864 247 2930 sed
266 2864 373 2948 potius
390 2865 428 2929 do
443 2865 611 2949 utriusque
626 2883 736 2930 norma
758 2865 885 2948 propria
907 2865 1103 2931 instituenda
1122 2867 1171 2931 est
1192 2865 1367 2949 inquisitio.

301 3182 384 3262 Quid
407 3183 443 3246 in
465 3183 650 3247 universum
673 3183 877 3249 statuendum
900 3129 948 3248 111Ι
965 3184 1003 3249 de
1027 3183 1222 3267 syllabarum
1244 3202 1369 3267 correp-

191 3289 280 3354 tione
302 3289 387 3372 apud
408 3291 530 3354 veteres
553 3289 766 3354 Romanorum
789 3292 899 3373 poetas
922 3290 1092 3373 scaenicos,
1118 3291 1150 3355 11
1173 3309 1252 3373 quae
1275 3309 1369 3356 causa

192 3395 299 3478 fuerit,
323 3414 381 3460 eur
403 3394 529 3460 fabulas
551 3414 660 3460 eorum
682 3396 844 3472 abundent
866 3395 1127 3479 correptionibus,
1152 3416 1170 3461 a
1192 3395 1367 3462 Godofredo

192 3501 374 3566 Hermanno
408 3503 440 3566 et
473 3501 638 3566 Frederico
671 3501 845 3567 Ritschelio
868 3502 1070 3570 observatum
1090 3501 1156 3568 iam
1178 3504 1235 3568 est.
1282 3502 1375 3583 Quae

190 3607 458 3691 Leppermannus,
482 3607 540 3672 hos
563 3607 647 3672 viros
670 3606 868 3673 doctissimos
891 3609 1028 3690 secutus,
1051 3608 1194 3694 inlinitio
1210 3627 1368 3673 commen-

190 3711 323 3777 tationis
346 3731 420 3778 suae
454 3712 605 3795 exposuit,
637 3711 719 3778 mibi
741 3731 865 3797 quoque
887 3713 947 3778 hoc
969 3712 1038 3778 loco
1060 3713 1209 3779 videntur
1231 3732 1367 3780 comme-

191 3817 344 3884 moranda
377 3837 454 3899 1111,
490 3837 551 3903 quo
586 3818 703 3884 clarius
726 3821 794 3884 tota
815 3818 1020 3902 correptionis
1043 3818 1124 3884 ratio
1147 3818 1365 3902 perspiciatur.

301 4133 328 4202 1)
347 4133 382 4188 H.
409 4134 655 4212 Lepperman'n.
691 4135 733 4189 De
760 4135 929 4205 correptione
958 4134 1151 4212 vocabulorum
1180 4136 1365 4204 iambicorum,

190 4239 262 4294 quae
281 4222 353 4294 apud
371 4221 501 4278 Plautum
518 4224 548 4277 in
566 4224 679 4279 senariis
698 4225 781 4294 etque
800 4223 960 4294 septenariis
977 4223 1101 4277 iambicis
1120 4227 1149 4278 et
1159 4222 1305 4279 trochaicis
1323 4224 1366 4278 iu·

190 4311 307 4366 venitur.
342 4311 502 4366 Moncsten'i
521 4309 732 4366 Guestfalorum.
767 4308 946 4365 MDGOOXG.
