3078 4906
640 326 860 390 ..11.·.

269 517 422 604 Sequitur
441 538 500 584 vox
526 521 678 602 ,1111111111κ
707 518 745 582 in.
764 519 981 603 Adelphorum
1004 538 1097 584 versu
1120 520 1172 585 25.
1220 519 1340 584 uorum

161 624 364 690 enuntiatum
386 624 446 689 hoo
469 625 530 689 eet:
1008 657 1011 662 ·

272 781 287 812 „
314 782 320 795 .
347 783 354 794 .
380 781 387 794 .
412 731 519 796 Facite
543 730 779 814 aequanimitas.

268 835 436 902 Poetaead
462 836 664 901 scribendum
687 837 801 919 atgeat
823 834 1045 900 indistrimn.“

267 942 430 1008 Bentlbius
457 943 543 1008 hunc
580 942 685 1008 locum
725 961 780 1008 suo
818 942 888 1006 iure
910 942 944 1006 in
977 941 1185 1026 suspicionem
1212 963 1341 1008 vocasse

160 1049 242 1114 milii
264 1049 390 1114 videtur
413 1067 487 1114 cum
509 1051 638 1132 propter
660 1049 801 1132 ineptam
824 1048 1013 1114 sententiam
1035 1049 1107 1113 tum
1121 1051 1251 1132 propter
1264 1065 1338 1132 pro»

160 1155 344 1220 1111101111-
365 1155 504 1239 syllabae
530 1157 602 1238 „at⁴‘
627 1156 663 1219 in
685 1174 760 1220 voce
785 1156 949 1238 „augeat“.

266 1261 325 1328 Vir
347 1262 403 1327 ille
427 1261 547 1343 doctus,
584 1263 637 1326 cui
660 1280 846 1345 persuasum
869 1262 930 1343 est,
955 1263 1029 1344 post
1050 1261 1240 1325 vocabulum
1261 1281 1337 1344 „ae-

161 1367 372 1451 quanimitas“
405 1369 510 1433 totum
543 1388 669 1433 versum
702 1368 862 1449 excidisse,
899 1367 957 1451 qni·
988 1367 1126 1432 alterum
1159 1366 1341 1445 subiectum

160 1474 250 1538 verbi
275 1476 428 1557 „augeat“
454 1474 671 1555 continuisset,
695 1474 829 1539 formam
855 1474 1006 1556 „augeat“
1036 1473 1140 1537 mutat
1163 1473 1197 1536 in
1223 1489 1338 1556 „ange-

161 1580 251 1661 aut“;
277 1579 322 1644 sic
345 1599 451 1644 omnes
475 1561 680 1645 difficultates
714 1579 882 1644 tolluntur.
929 1578 1036 1643 lltiam
1069 1578 1342 1660 Umpfenbachins

160 1685 307 1749 lacunam
330 1687 551 1768 postremum
574 1686 617 1749 24
642 1683 842 1749 statuendam
865 1702 932 1747 esse
955 1683 1085 1748 iudicat.

92 1807 95 1812 ·
199 1844 202 1848 .
267 1790 367 1855 Venio
390 1789 508 1854 iterum
542 1789 585 1854 ad
606 1789 760 1872 syllabam
786 1789 863 1871 „it“‚
888 1807 951 1872 qua
972 1788 1163 1853 terminatur
1184 1789 1242 1854 ΠΙ.
1267 1809 1343 1873 per-

160 1913 236 1960 sona
268 1895 439 1978 singularis
477 1894 608 1978 perfecti
644 1894 819 1960 indicativi.
882 1895 952 1959 Duo
991 1894 1054 1959 loci
1092 1894 1269 1960 afferuntur
1318 1915 1339 1960 a

140 2001 327 2085 Wagnero,
362 2000 478 2084 quibus
513 2001 594 2066 hanc
630 2001 785 2085 syllabam
809 2021 824 2066 a
848 2001 996 2076 Terentio
1030 2001 1159 2084 longam
1182 2003 1342 2066 servatam

159 2125 226 2172 esse
260 2109 374 2172 censet
426 2107 555 2172 Praeter
589 2106 723 2172 formam
760 2107 901 2189 „stetit“‚
939 2107 1080 2191 (Phorm.
1117 2108 1163 2190 9),
1200 2107 1239 2171 de
1276 2123 1344 2191 qua

160 2232 257 2296 supra
292 2213 357 2278 iem
394 2213 469 2295 dixi,
510 2215 773 2279 commemoratur
806 2215 850 2278 ab
877 2233 912 2278 eo
947 2214 1137 2278 vocabulum
1177 2213 1343 2296 „proferte

159 2319 195 2384 in
217 2319 358 2403 Hecyrae
382 2339 474 2384 versu
496 2321 572 2402 463,
608 2319 692 2403 quod
727 2319 910 2402 exemplum.
927 2319 1068 2384 Klettius
1091 2337 1215 2403 qnoque
1238 2319 1340 2384 affero.

160 2425 278 2492 Versus
301 2425 348 2490 ita
370 2413 514 2490 exaratus
537 2427 585 2489 est
607 2425 646 2489 in
665 2424 842 2490 codicibus:

273 2531 354 2614 „Pa
380 2531 542 2615 Quidquid
567 2533 615 2597 ast
635 2531 679 2613 id,
698 2530 783 2614 quod
805 2531 946 2614 reliquit,
970 2531 1099 2614 profuit.
1148 2531 1211 2596 LA.
1237 2533 1343 2596 Immo

162 2637 296 2702 61111111.“

270 2743 338 2808 Hoc
360 2742 428 2807 loco
452 2742 614 2808 Bentleius
638 2743 676 2806 ad
694 2742 856 2808 vitandam
870 2741 1111 2825 productionem
1128 2762 1197 2808 eam
1213 2744 1342 2810 secutus

163 2852 215 2915 est
233 2849 331 2931 viam,
356 2850 394 2913 ut
416 2850 489 2931 post
511 2868 619 2914 vocem
645 2848 784 2931 „Immo“
822 2848 951 2914 adderet
976 2851 1089 2930 „vero“
1115 2849 1221 2932 itaque
1244 2850 1346 2916 rerba

162 2954 376 3020 dimetirctur:

180 3127 182 3130 .
272 3112 289 3142 „
315 3113 321 3125 .
348 3112 355 3126 .
382 3112 388 3126 .
413 3061 535 3144 prdidit
556 3061 621 3126 LA.
646 3061 747 3126 Inimo
771 3079 842 3126 vero
866 3060 989 3126 offuit.“

271 3166 331 3232 Sed
365 3167 399 3232 in
432 3167 491 3232 hoc
526 3186 619 3232 versu
653 3166 834 3231 coniectura
861 3185 1089 3248 supervacanea
1111 3167 1192 3230 mihi
1213 3150 1345 3232 videtur

163 3293 238 3340 esse.
286 3273 530 3357 Respiciendum
568 3272 653 3337 enim
687 3273 735 3337 est
768 3273 840 3354 post
867 3271 1056 3336 vocabulum
1083 3271 1176 3354 „prof
1199 3273 1242 3338 't“
1268 3292 1340 3355 per-

164 3397 256 3448 sonas
278 3381 405 3446 mutari.
429 3381 539 3446 Nonne
562 3378 702 3443 iudicare
725 3377 813 3460 licet,
838 3378 898 3442 hoc
921 3377 988 3444 loco
1011 3398 1141 3461 moram,
1166 3398 1245 3462 qnae
1267 3398 1343 3462 per-

164 3505 313 3551 sonarum
334 3486 510 3552 mutatione
537 3486 607 3567 fiat,
645 3485 733 3550 brevi
767 3483 906 3567 syllabae
940 3483 1039 3555 finali
1052 3484 1137 3548 vocis
1179 3483 1339 3568 „profuiti

163 3590 275 3674 longae
297 3575 438 3674 pretium
459 3592 629 3657 tribuisse?
675 3590 760 3670 Quin
793 3590 890 3656 etiam
913 3591 979 3656 sola
1000 3590 1213 3674 interpunctio
1242 3589 1344 3674 sylla·

164 3697 222 3762 bae
240 3731 241 3734 π
248 3697 465 3779 producendae
487 3698 554 3762 vim
576 3697 680 3779 babet,
707 3696 734 3760 si
750 3695 787 3761 G.
812 3697 994 3762 Hermanno
1017 3696 1095 3760 fides
1115 3696 1260 3762 habenda
1282 3699 1338 3780 est,

164 3802 221 3887 qui
242 3795 294 3866 in*
315 3802 406 3884 libro,
431 3803 521 3867 cuius
546 3821 641 3886 supra
662 3802 854 3867 mentionem
877 3800 946 3883 feci,
977 3802 1063 3886 (pag.
1094 3802 1152 3885 60)
1180 3802 1219 3866 de
1241 3803 1345 3868 inter-

164 3909 334 3992 punctione
356 3909 433 3974 naa
456 3909 549 3974 ercet:
1396 3893 1397 3896 ‘

275 4015 379 4098 „Quae
414 4015 563 4099 quoniam
596 4033 728 4097 pausam
761 4015 796 4079 in
830 4013 1062 4098 pronuntiando
1096 4014 1166 4078 fleri
1188 4014 1342 4098 postulaty

163 4141 228 4187 non
250 4121 369 4186 mirum
382 4122 448 4203 est,
474 4119 501 4185 si
524 4119 788 4204 quemadmodum
814 4139 991 4201 caesuram,
1031 4122 1069 4185 111
1096 4139 1192 4203 supra
1218 4119 1342 4185 dictum

164 4229 226 4310 est,
265 4226 428 4292 interdum
461 4228 579 4309 mutat,
611 4225 658 4290 ita
680 4225 777 4292 etiam
800 4226 839 4290 ad
862 4243 1042 4290 mensuram
1071 4225 1164 4291 aliter
1186 4225 1347 4290 constitu-
