3078 4906
581 306 800 372 ,35-

210 499 298 564 Idem
333 499 465 582 plurimi
499 500 561 563 viri
595 499 692 568 docti,
716 499 754 564 de
788 499 847 563 hac
881 519 915 563 re
943 498 1094 563 sentiunt.
1146 497 1281 565 Omnino

100 606 204 690 igitur
226 604 265 669 de
299 605 462 669 vocabulis
498 605 643 670 iambicis
667 605 763 669 huius
787 604 909 689 generis
933 604 1015 668 mihi
1038 624 1102 669 nou
1125 603 1282 687 agendum

103 731 170 777 esse
193 711 327 776 forsitan
361 711 486 792 dixeris,
523 712 642 794 quippe
677 729 756 794 quae
780 711 915 794 syuizesi
938 711 1194 793 pronuntientur,
1218 729 1282 775 nou

102 819 325 900 corripiantur.

211 924 272 988 Sed
298 924 428 1004 exstitit,
454 922 568 1006 quiin
592 923 658 987 illis
681 923 842 988 vocabulis
866 923 1012 988 omnibus
1036 921 1204 1005 syuizesim
1227 922 1282 986 ad-

104 1029 275 1093 hibendam
310 1048 376 1094 esse
411 1028 561 1093 acerrime
595 1030 732 1110 negaret.
780 1028 813 1094 O.
839 1030 873 1093 F.
899 1029 949 1093 W.
975 1028 1110 1094 Mueller
1132 1027 1166 1090 in
1188 1027 1280 1109 libro,

105 1135 195 1199 cuius
220 1153 315 1217 supra
348 1134 540 1199 mentionem
573 1133 647 1215 feci,
684 1136 767 1217 (pag.
793 1135 875 1218 456)
904 1134 942 1199 de
966 1133 1100 1216 syuiresi
1124 1132 1208 1215 apud
1230 1153 1283 1197 co·

104 1241 202 1305 mices
225 1242 438 1306 Romanorum
459 1242 568 1322 poetas
591 1241 649 1304 has
671 1240 756 1323 leges
779 1241 957 1324 proposuit:
1132 1301 1136 1308 ,

214 1346 409 1427 „Wirkliche
433 1346 579 1429 Synirese
602 1345 700 1410 keunt
722 1345 774 1409 die
790 1346 926 1428 Spreche
950 1347 1006 1411 der
1026 1346 1178 1411 Komiker
1192 1346 1285 1410 nicht

104 1472 213 1517 ausser
246 1452 281 1516 in
318 1453 368 1533 ,i“
405 1451 465 1516 mit
499 1451 787 1534 vorhergehendem
810 1451 907 1517 10011
931 1504 937 1516 .
965 1504 971 1516 .
998 1503 1004 1516 .
1030 1453 1056 1516 E
1080 1451 1284 1516 versohmilzt

108 1558 164 1622 der
188 1557 395 1640 eilgemeincn
418 1556 584 1621 Anuahme
607 1557 689 1622 uach
712 1556 812 1620 durch
835 1556 980 1639 Syuizese
1003 1557 1063 1621 mit
1086 1556 1284 1622 (111101111-

105 1663 272 1745 endungen
295 1663 402 1746 a(m),
417 1682 434 1726 0
448 1662 558 1746 (m)‚u
582 1663 703 1746 (m),in
725 1663 754 1726 is
777 1661 949 1744 undidem,
973 1681 1071 1744 meus,
1096 1665 1181 1744 tuus,
1195 1681 1281 1744 suus,

107 1771 192 1851 dene,
218 1769 322 1833 semer
343 1769 378 1833 in
401 1789 445 1850 eo,
482 1788 559 1849 eam,
596 1788 656 1849 eas,
693 1788 810 1850 eamus,
846 1769 934 1850 cotie,
959 1771 1041 1850 eant,
1066 1770 1150 1833 eunt.
1198 1768 1284 1832 Weil

98 1875 216 1959 jedcch
239 1875 366 1939 Worter
388 1875 527 1958 gleicher
549 1873 729 1956 Quantitat,
765 1875 800 1938 iu
823 1874 923 1938 denen
945 1876 1020 1939 aber
1042 1874 1093 1938 die
1115 1875 1283 1939 betrcffen·
1378 1958 1381 1967 ¹

107 1981 167 2046 den
188 1980 305 2046 Vocale
340 1980 441 2045 durch
475 1980 694 2045 consonanter
717 1982 866 2063 getreuut
888 1981 968 2062 sind,
993 1980 1040 2044 im
1061 1979 1157 2044 Verso
1180 1999 1284 2064 genau

105 2087 243 2152 dissolbe
278 2085 417 2168 Geltung
449 2087 561 2166 haben,
602 2087 658 2150 wie
688 2087 776 2168 jene,
813 2106 846 2150 so
869 2086 972 2151 haben
994 2085 1051 2150 wir
1073 2086 1280 2169 geschlossen,

104 2194 178 2258 dass
201 2192 275 2256 hein
295 2191 409 2256 Gruud
431 2191 569 2275 vorliege
592 2212 616 2256 1.
642 2195 677 2257 Β.
703 2191 774 2256 mee
792 2213 825 2257 re
849 2192 960 2257 auders
985 2212 1023 2256 zu
1046 2192 1198 2273 erhldren,
1235 2191 1283 2256 als

104 2300 191 2364 bona
208 2301 273 2362 re.“
320 2298 395 2380 Pag.
420 2297 486 2362 468
510 2297 560 2361 vir
582 2296 692 2362 doctus
716 2297 808 2362 dicit:

216 2404 263 2484 „U
286 2401 490 2466 verschmilrt
524 2421 586 2466 nur
620 2403 681 2468 mit
714 2403 892 2486 folgendem
915 2404 928 2466 i
950 2403 1051 2468 durch
1080 2404 1224 2487 Synizese
1247 2405 1282 2469 in

106 2511 174 2592 hui,
200 2562 206 2573 .
233 2559 272 2573 ...
298 2509 382 2591 huic,
407 2509 460 2572 cui
484 2507 599 2592 (quoi),
623 2509 739 2574 welche
762 2509 888 2573 Wdrter
902 2528 964 2573 nur
979 2509 1128 2593 einsilbig
1142 2529 1282 2593 genesen

106 2636 146 2681 zu
181 2617 247 2680 scin
282 2615 439 2697 scheinen,
475 2634 564 2679 weun
599 2615 650 2679 die
684 2615 864 2680 erhebliche
897 2615 1061 2679 Mehrrahl
1084 2615 1139 2679 der
1162 2616 1282 2681 Stelleu

106 2722 331 2787 eutscheidend
350 2721 424 2786 ist.“

214 2827 349 2893 Mueller
371 2827 472 2911 igitur
494 2827 609 2892 formas
636 2827 713 2909 „tui
751 2828 810 2909 sui,
846 2827 920 2908 tuis,
950 2827 1036 2891 suis“
1062 2847 1123 2892 non
1148 2829 1282 2911 synizesi

107 2934 328 3018 pronuntiatas
352 2952 418 2998 csso
440 2934 574 3015 iudicat,
599 2933 653 2997 sed
676 2953 726 2998 111
749 2935 877 2998 tantum
899 2953 989 2998 10011
1006 2972 1047 2980 -
1065 2934 1092 2997 11
1107 2935 1186 3014 bene
1209 2954 1282 2999 eum

106 3027 258 3121 intellexi,
285 3078 326 3088 -
349 3041 383 3104 iu
406 3040 523 3122 quibus
546 3039 686 3104 vocalem
712 3040 762 3120 „i“
799 3039 916 3104 vocalis
950 3042 1005 3120 „e“
1032 3042 1087 3104 aut
1112 3043 1167 3121 „e“
1194 3043 1281 3106 ante·

107 3146 205 3211 cedat.
253 3148 338 3211 Haec
369 3146 529 3226 vocabula,
566 3145 604 3210 de
638 3147 753 3228 quibus
777 3145 911 3210 Mueller
934 3146 1089 3230 ceterique
1112 3146 1175 3210 viri
1197 3146 1283 3211 docti
1372 3178 1379 3194 ·

12 3331 14 3336 ,
106 3252 192 3316 idern
215 3252 362 3333 sentient,
394 3271 485 3316 ame
508 3251 624 3332 omitti,
660 3251 864 3316 manifestum
887 3253 943 3316 est.
991 3250 1081 3330 Quod
1104 3253 1220 3317 attinet
1242 3253 1282 3316 ad

106 3358 244 3441 reliquas
267 3378 357 3423 10011
381 3358 546 3439 iambicos,
582 3357 756 3440 inquibus
780 3357 859 3421 duae
882 3357 1003 3422 vocales
1028 3377 1059 3422 se
1083 3358 1281 3441 contiugrmt,

105 3465 364 3547 Leppermaunus
400 3465 501 3528 causis
537 3464 614 3529 satis
636 3483 687 3527 me
722 3463 826 3527 iudice
849 3463 963 3527 validis
987 3464 1134 3544 ostendit,
1173 3464 1208 3528 in
1231 3464 1282 3528 his

106 3588 231 3651 quoque
266 3570 433 3651 syuizesim
467 3570 553 3652 apud
585 3570 737 3634 Plautum
771 3588 836 3633 esse
872 3569 1078 3634 statuendam.
1126 3569 1283 3652 Equidem

107 3673 205 3737 etiem
239 3674 323 3755 apud
356 3675 538 3738 Terentium
571 3694 639 3739 rem
673 3673 843 3756 diligenter
865 3674 1024 3756 explorare
1048 3675 1193 3755 studebo;
1218 3675 1282 3739 for·

108 3781 193 3844 sitan
215 3779 305 3859 mihi,
341 3782 379 3843 ut
401 3799 513 3844 novam
536 3780 685 3863 syuizesis
717 3779 952 3844 constituendae
975 3799 1101 3844 causam
1124 3779 1281 3861 adiiciam,

105 3886 280 3968 contingat.
307 3923 349 3932 -
373 3885 540 3968 Ussingius
576 3887 608 3950 et
639 3886 783 3950 Klotrius
807 3885 925 3949 iudicia
948 3905 1005 3950 sua
1026 3886 1284 3968 interposuerunt

108 3991 274 4056 sententiis
303 3990 450 4055 Muelleri
474 3993 506 4056 et
533 3993 708 4055 ceterorum
723 3991 864 4056 virorum
895 3990 1066 4055 doctorum.
1114 3992 1282 4075 Ussingius

107 4097 353 4180 correptionem,
378 4116 473 4181 quam
494 4096 629 4161 Mueller
652 4098 766 4162 statuit
803 4097 838 4160 iu
875 4097 942 4160 illis
993 4098 1171 4179 vocabulis,
1219 4119 1284 4164 ncn

104 4181 276 4285 improhet,
302 4205 357 4269 sed
380 4204 529 4288 syniresis
563 4223 626 4268 nou
659 4204 764 4268 miuus
788 4203 970 4267 verisimilis
1005 4204 1035 4267 ei
1057 4204 1182 4268 videtur
1205 4224 1280 4270 1111.

104 4307 510 4481 Ξ411ἶ111ὲ19111110101111011
533 4310 690 4392 Klotzius,
712 4329 786 4374 cum
797 4308 876 4374 dicit
899 4309 1103 4393 (Grundriige
1127 4313 1184 4377 ete.
1209 4329 1282 4394 pag.

1083 4501 1125 4570 3·
