3078 4906
676 329 874 394 -7-

190 525 288 606 erant,
323 522 479 606 positione
512 525 619 587 tamen
653 524 685 586 ιι
707 521 948 588 consonantium
973 540 1130 589 concursu
1165 523 1267 590 ιιιιιι
1289 525 1366 588 sunt

187 629 309 714 leugas.
356 627 424 694 Hac
450 647 523 694 uero
557 647 647 717 voces
671 630 703 694 et
729 645 860 694 numero
882 647 999 712 paucae
1023 631 1107 712 sunt,
1131 630 1366 715 monosyllabae

188 735 255 801 iera
275 735 328 801 uel
349 734 549 819 dissyllabae,
574 735 625 800 rel
648 753 722 800 cum
741 734 1027 818 praepositionibus
1044 734 1250 820 compositae,
1274 738 1307 801 et
1328 753 1366 801 au

188 842 261 925 ipsa
292 840 363 907 sede
399 841 525 926 neuque
558 841 721 907 commodo
749 841 874 907 reniam
896 843 1058 907 merantur
1081 893 1088 907 .
1115 893 1121 907 .
1149 894 1155 908 .
1203 842 1365 909 Getarum:

187 947 261 1030 Abi,
286 947 380 1029 domi,
405 947 482 1030 redi
506 947 585 1030 dari,
610 966 695 1032 roga,
715 948 803 1030 jube,
828 949 906 1030 tace,
930 948 1012 1030 vide,
1040 949 1073 1013 et
1095 947 1187 1031 siqua
1208 948 1243 1012 id
1265 965 1366 1032 genn

188 1053 271 1120 uliae
306 1072 385 1138 quae
412 1053 561 1120 ultimam
584 1055 711 1119 brevem
733 1053 860 1136 habent,
884 1054 937 1119 vix
959 1055 1017 1136 ιιι,
1040 1055 1079 1118 ut
1100 1053 1246 1122 Liceuter
1268 1053 1364 1137 dicas,

188 1160 243 1225 sed
265 1160 422 1244 Legitima
445 1160 570 1243 corripi,
596 1179 668 1225 cum
691 1161 811 1226 veteres
834 1159 926 1243 Epici
941 1159 1027 1224 idem
1041 1158 1093 1224 ius
1108 1160 1362 1244 uempaverint.“

293 1265 367 1332 Jam
391 1285 550 1350 emonam,
576 1266 730 1351 quomodo
753 1268 855 1332 totam
869 1265 1086 1350 quaestionem
1100 1265 1269 1332 instituere
1284 1265 1366 1332 mihi

186 1371 353 1454 plmuont.

296 1477 340 1542 Ut
362 1481 518 1560 appareat,
543 1498 606 1563 qua
627 1479 748 1544 ratione
763 1479 929 1545 Terentius
949 1497 1028 1544 usus
1051 1479 1143 1545 sitin
1158 1478 1365 1562 corripiendis

185 1582 349 1649 vocabulis
371 1586 486 1649 natum
508 1584 662 1668 iambicis,
687 1584 813 1669 singule
841 1604 1086 1670 eorumgenere
1113 1585 1309 1669 distinguam
1332 1587 1365 1651 ιι

186 1707 294 1754 omnes
318 1690 568 1774 uniuscuiusque
591 1681 714 1775 generis
737 1709 827 1755 voces
843 1701 1036 1774 componam,
1061 1711 1140 1775 quae
1156 1690 1239 1756 milui
1253 1709 1364 1756 occur·

186 1797 270 1877 rent,
307 1815 380 1860 cum
414 1798 581 1880 correptas,
615 1797 688 1861 tum
721 1795 863 1880 legitime
896 1799 1078 1889 usurpatas,
1103 1835 1144 1848 -
1169 1796 1299 1880 scilicet,
1325 1800 1365 1864 ut

186 1900 405 1984 perspiciatur,
430 1904 567 1992 quantus
591 1903 634 1968 sit
656 1921 806 1968 numerus
829 1904 1044 1987 correptarum
1066 1923 1123 1986 pro
1146 1923 1277 1969 numero
1300 1921 1366 1970 non

115 2080 121 2090 .
186 2008 411 2091 correptamm.
1234 2020 1236 2026 '

293 2113 353 2179 Sed
376 2115 507 2180 mimine
532 2116 608 2181 satis
630 2115 762 2199 babebo,
787 2135 823 2182 aa
845 2117 998 2184 vocabula
1013 2118 1132 2201 afferre,
1157 2137 1237 2203 quae
1261 2119 1362 2185 omni·
1422 2121 1429 2155 ι
1450 2125 1471 2190 ι

185 2221 246 2286 bue
278 2221 475 2303 temporibus
495 2242 566 2307 ¹pro
602 2223 746 2288 iambicis
768 2226 922 2306 usurpata
944 2226 1033 2307 sunt,
1068 2225 1123 2289 sed
1157 2225 1363 2292 eorumetiam

184 2326 267 2392 ratio
288 2327 370 2392 mihi
404 2327 532 2394 ridetur
564 2329 709 2394 habenda
747 2348 822 2411 esse,
858 2347 993 2412 quarum
1016 2330 1155 2413 syllabae
1177 2331 1301 2414 finales,
1326 2349 1363 2397 ax

185 2433 307 2518 origine
340 2434 468 2519 longae,
504 2436 660 2519 paulatim
694 2438 803 2502 breves
832 2439 1006 2502 evaserunt.
1053 2437 1172 2503 Notum
1195 2437 1280 2503 enirn
1302 2439 1359 2522 est,

184 2538 329 2624 linguam
366 2541 513 2608 Latinam
551 2542 644 2608 initio
678 2542 781 2608 multo
816 2541 924 2627 plures
948 2541 1086 2626 syllabas
1108 2543 1218 2627 longas
1240 2543 1275 2608 in
1298 2544 1362 2609 fine

184 2646 411 2712 vocabulorum
433 2647 590 2730 habuisse,
615 2666 711 2732 quam
733 2668 807 2714 aevo
830 2649 1004 2734 Augustae.

292 2751 558 2836 Leppermannus,
584 2789 625 2804 -
650 2771 744 2838 quem
777 2757 890 2839 sequor
924 2754 959 2819 in
982 2755 1040 2820 hac
1067 2775 1110 2838 re,
1136 2793 1177 2804 -
1201 2775 1252 2822 ιιι
1276 2775 1361 2822 com·

182 2857 291 2942 posuit
314 2857 464 2942 syllabas,
504 2877 582 2943 quas
606 2859 768 2944 usquead
791 2861 973 2926 Plautinam
1000 2863 1135 2928 aetatem
1162 2862 1272 2947 longas
1296 2881 1360 2929 ser-

183 2964 271 3028 vatas
295 2983 361 3030 csse
386 2967 518 3048 constat,
543 2985 617 3031 cum
639 2967 747 3048 postea
769 2986 825 3049 pro
848 2966 998 3032 brevibus
1021 2967 1205 3034 habeantur.
1215 2970 1241 3053 ¹)

290 3069 373 3136 Sunt
393 3070 484 3138 haec:

162 3175 165 3183 '
292 3177 326 3260 l)
350 3177 489 3261 syllabae
511 3178 622 3243 finales
645 3178 680 3243 in
702 3179 848 3244 vocibus:
876 3178 1003 3260 ,mihi,
1028 3178 1116 3260 tibi,
1154 3180 1242 3261 ribi,
1279 3181 1358 3264 ubi,

181 3281 250 3363 ibi,
276 3286 371 3367 ego.“

289 3391 326 3473 2)
349 3392 393 3456 ar'
410 3391 443 3456 in
468 3391 669 3457 coniunctim
693 3392 850 3475 (sequar).

290 3497 328 3580 3)
350 3517 389 3562 οι
411 3497 446 3562 in
468 3497 664 3563 nominativo
696 3497 755 3562 111.
792 3496 1014 3562 declinationis
1036 3496 1124 3562 etin
1147 3497 1360 3581 comparativo

180 3604 214 3666 ot
235 3603 269 3666 in
292 3602 416 3686 passivo
439 3602 565 3688 (honor,
589 3603 723 3688 longior,
749 3604 877 3690 laudor)

195 3757 198 3761 .
289 3707 326 3792 4>
349 3708 394 3794 ils,
419 3707 508 3774 itin
530 3709 724 3774 coniunctivi
748 3709 885 3793 perfecto
909 3712 1003 3795 atque
1025 3711 1136 3776 futuro
1151 3712 1257 3776 exacto
1274 3711 1360 3796 (lau-

183 3813 316 3896 daveris,
341 3813 544 3900 laudaverit).

182 4016 395 4027 *ιι-*α

289 4138 315 4206 1)
336 4138 383 4192 eu.
403 4137 526 4193 canna.
546 4125 620 4194 beer
638 4138 809 4210 lapsana
828 4180 834 4193 .
855 4181 860 4193 .
882 4181 888 4193 .
907 4137 961 4193 ua
978 4153 1041 4209 pag.
1060 4138 1210 4193 ιιι-ιιι.

288 4227 329 4281 W.
349 4226 469 4282 Christ
498 4227 599 4282 Maluit
628 4228 675 4282 der
696 4227 829 4283 Griselica
847 4227 903 4282 und
922 4227 1029 4282 Romen.
1047 4225 1086 4282 11.
1105 4225 1228 4297 Andaga.
1248 4225 1366 4296 Leipzig

179 4315 258 4369 uase.
298 4317 370 4386 (pag.
391 4315 518 4384 ιιι-ιο.)

286 4403 316 4458 0.
334 4404 364 4458 F.
385 4404 426 4458 W.
445 4403 576 4460 Miller.
596 4403 783 4459 Plautinische
796 4403 932 4458 Prosodic.
952 4403 1046 4459 Berlin
1060 4399 1136 4458 1869.
1163 4401 1236 4472 (pag.
1253 4399 1362 4469 1-80).
