3078 4906
665 303 928 382 -12-‚

179 494 298 562 endam
321 496 444 580 aliquid
469 495 598 560 confert.
646 495 756 578 Itaque
779 493 967 577 producitur
1001 513 1228 577 nonnunquam
1260 494 1365 559 brevis

184 600 318 684 syllaba,
343 603 400 667 ubi
422 601 636 684 interpunctio
659 620 790 684 pausam
813 600 883 665 fieri
905 600 1024 666 iubet.“

292 708 416 787 Quibus
439 707 589 791 exemplis
614 707 798 772 examinatis
822 707 966 790 persuasi
987 707 1079 788 mihi,
1105 707 1166 772 etsi
1191 726 1253 771 non
1275 726 1365 790 pror-

180 833 239 879 sus
263 816 397 896 certum,
433 817 540 880 tamen
572 813 842 880 verisimillimum
876 833 955 894 esse,
992 813 1177 878 Terentium
1227 813 1364 896 syllabas

185 923 250 1003 ,11
276 921 316 1002 11,
341 921 387 986 it“
405 940 469 986 non
491 920 556 984 iam
578 919 688 1004 longas
705 920 876 986 servavisse
899 921 1025 1003 excepto
1042 939 1115 985 sane
1135 939 1198 984 uno
1213 919 1270 984 illo
1286 919 1363 997 loco,

180 1045 247 1111 quo
270 1028 403 1111 perfecti
436 1027 538 1093 forma
574 1027 703 1109 „stetit“
728 1048 785 1110 pro
809 1027 914 1092 iambo
938 1029 1092 1110 usurpata
1115 1029 1171 1092 est.
1218 1025 1365 1093 Ceterum

180 1133 332 1198 wnonnulli
354 1134 417 1198 viri
439 1132 525 1198 docti
549 1133 734 1215 concedunt,
760 1133 913 1199 vocabula
928 1132 1111 1216 dissyllaba,
1130 1151 1265 1216 quorum
1278 1133 1365 1216 prior

181 1239 309 1322 syllaba
331 1239 436 1304 brevis
460 1238 518 1319 sit,
554 1239 736 1326 excipienda
759 1258 825 1304 esse
849 1257 867 1302 a
889 1239 1000 1315 ceteris
1023 1237 1153 1302 vocibus
1176 1237 1211 1303 in
1236 1240 1297 1320 „at‚
1322 1239 1362 1334 et,

180 1344 232 1408 ·it“
275 1343 503 1410 desinentibus.
549 1343 588 1408 In
624 1344 691 1408 illis
730 1345 885 1427 syllabam
910 1345 1038 1409 finalem
1064 1358 1119 1426 pro
1143 1344 1232 1409 brevi
1255 1343 1364 1409 haberi

182 1449 316 1515 solitam
337 1469 413 1515 esso.
461 1449 608 1534 Conferas
631 1450 786 1514 iudicium
820 1449 1016 1534 Fleckeiseni
1040 1450 1142 1533 (Neue
1165 1449 1364 1516 Jahrbiieher

180 1555 240 1622 ‘fur
261 1556 440 1639 Philologie
465 1555 529 1620 und
551 1555 741 1652 Padagogik.
766 1556 849 1620 XXI.
875 1556 1047 1639 Jahrgang.
1072 1556 1130 1621 Bd.
1157 1559 1208 1622 61.
1233 1556 1364 1640 Leipzig

189 1663 283 1728 1851.
310 1701 350 1710 -
376 1682 446 1746 pag.
473 1663 541 1745 35),
566 1663 712 1728 Corsseni
738 1649 840 1746 (iiber
862 1662 1062 1746 Aussprache
1084 1664 1142 1728 ete.
1167 1664 1362 1729 111488-

185 1769 280 1853 490.)
326 1769 359 1834 Ο.
384 1769 434 1833 W.
460 1769 607 1834 Muelleri
630 1769 862 1854 (Plautinische
885 1767 1034 1834 Prosodie
1057 1789 1126 1853 pag.
1152 1769 1243 1853 224).
1323 1839 1329 1848 ,

293 1893 362 1956 Hoc
385 1893 481 1957 etiam
516 1893 702 1976 Spengelius
727 1895 883 1976 spectasse
905 1891 1046 1974 videtur,
1088 1913 1160 1958 cum
1183 1893 1271 1974 dicit,
1297 1895 1362 1977 syl-

186 2000 275 2064 labas
314 1999 424 2063 finales
462 1999 685 2084 vocabulorum
724 1997 824 2064 trium
848 2001 879 2063 et
901 1997 1042 2081 plurium
1081 2000 1273 2082 syllabarum
1295 2000 1363 2064 ictu

185 2105 370 2190 rhythmico
419 2106 529 2189 longas
582 2125 648 2170 esse
697 2105 845 2170 redditas.
908 2105 993 2184 Quae
1041 2125 1090 2172 res
1128 2125 1201 2172 curn
1250 2105 1295 2170 ita
1329 2125 1363 2170 se

180 2211 309 2295 habeat,
334 2230 400 2296 ego,
425 2212 481 2296 qui
504 2212 542 2276 de
564 2211 726 2277 vocabulis
750 2211 894 2276 iambicis
919 2229 1019 2295 agam,
1043 2212 1078 2276 in
1101 2211 1362 2278 commentatione

186 2335 255 2381 mea
292 2317 523 2401 coniugationis
561 2317 678 2383 formas
701 2317 736 2380 in
758 2317 898 2382 litteram
924 2319 977 2398 „t“
1004 2316 1181 2382 desinentes
1205 2318 1370 2383 omittam:

292 2440 383 2519 Quod
406 2441 521 2506 attinet
544 2441 584 2506 ad
607 2441 833 2523 disponendam
855 2441 1078 2524 quaestionem,
1104 2441 1261 2524 optimum
1280 2441 1363 2505 mihi

185 2545 313 2611 videtur
336 2567 414 2628 esse,
451 2546 686 2612 distributionis
709 2546 778 2630 lege
802 2567 820 2611 a
842 2547 1067 2611 vocabulorum
1089 2565 1200 2629 genere
1227 2546 1362 2629 repetita

185 2652 327 2735 primum
349 2653 384 2716 in
408 2652 636 2732 declinationis,
661 2654 732 2716 tum
754 2651 789 2716 in
813 2651 1043 2736 coniugationie
1077 2651 1202 2732 formas,
1228 2651 1362 2736 denique

185 2757 221 2820 in
243 2758 415 2838 particulas
439 2758 606 2841 inquirere.
654 2757 741 2822 lnter
764 2757 983 2823 declinationis
1007 2757 1124 2822 formas
1153 2777 1204 2822 eas
1236 2749 1361 2840 ‘primas

178 2863 379 2944 examinabo,
404 2882 483 2947 quae
506 2863 652 2928 omnibus
687 2865 882 2947 temporibus
906 2884 962 2947 pro
984 2863 1130 2928 iambicis
1153 2863 1360 2928 habebantur.

185 2969 224 3032 In
247 2968 297 3033 his
318 2972 430 3034 'rursus
455 2969 664 3052 distinguam:

348 3075 386 3140 Α.
412 3094 501 3140 11111
517 3075 669 3140 iambicas
692 3075 727 3139 111
749 3075 890 3139 vocalem
912 3075 1067 3138 exeuntes.

348 3183 384 3245 B.
457 3232 472 3262 „
568 3232 583 3262 „
702 3180 979 3263 „diphthongum
1004 3181 1078 3260 „ae“
1104 3180 1250 3245 exeuntes

346 3286 379 3351 C.
457 3337 472 3368 „
568 3337 583 3368 ,,
703 3287 966 3368 „consonantem
997 3287 1051 3366 „s“
1173 3335 1188 3366 „

293 3410 414 3489 Quibus
453 3409 658 3474 consideratis
696 3409 840 3474 accedam
879 3409 918 3472 ad
957 3428 1008 3474 eas
1043 3427 1143 3490 voces,
1183 3407 1360 3508 dequibus

177 3534 282 3598 supra
305 3515 380 3598 dixi,
406 3515 529 3580 scilieet
553 3515 593 3581 ad

345 3640 383 3704 D.
408 3638 561 3704 vocabula
583 3639 618 3703 in
642 3640 715 3720 „or“
741 3637 917 3704 desinentia
943 3641 974 3703 et

346 3744 523 3810 1111111111
549 3743 754 3826 ,1111111111
781 3744 852 3826 sibi,
879 3781 920 3792 -
945 3749 1032 3829 ego“.

292 3867 331 3932 In
353 3866 583 3950 coniugationis
606 3867 716 3932 formis
739 3866 948 3950 distinguam:

345 3989 383 4053 A.
408 4007 498 4055 voces
522 3989 673 4054 iambicas
696 3989 731 4053 in
753 3989 893 4055 vocalem
915 3993 1071 4056 exeuntes.

345 4097 381 4159 Β·
454 4144 470 4176 11
582 4145 598 4176 11
711 4145 727 4176 11
778 4097 832 4176 ”sa
967 4146 983 4178 11

346 4200 379 4266 C·
452 4250 467 4282 11
581 4251 596 4282 11
710 4251 725 4282 11
776 4204 831 4282 ”rss
