3078 4906
614 291 834 355 -63..

239 485 271 550 2.
296 485 366 550 ibi:
392 484 502 570 [Andr.
518 486 592 550 936.
617 484 664 548 Ex
686 480 1307 566 oonieetmanaehmanni131enn.571;

294 592 390 656 Haut.
416 591 498 672 9833
521 590 649 655 Phorm.
678 590 757 671 1943
783 627 824 637 -
1158 658 1161 663 ,

165 713 168 718 ’
293 695 373 761 nbi:
398 695 496 760 Andr.
522 696 602 777 598;
625 695 751 761 Phorm.
779 694 857 774 7153
881 692 969 758 Adel.
995 693 1069 760 527.

369 874 401 956 o)
436 874 483 937 in
517 872 764 937 octonorio
798 869 1070 935 trochaico:

243 1019 270 1082 l.
295 1016 373 1082 tbi:
397 1015 477 1081 Eum
505 1016 584 1096 216;
610 1053 651 1062 -

240 1123 270 1187 2.
295 1120 376 1186 ubi:
400 1120 480 1185 Eun.
508 1121 581 1185 643.

427 1297 460 1381 f)
496 1298 541 1361 in
575 1296 754 1361 oeteris
789 1292 1017 1359 numeris:

239 1441 279 1505 In
301 1441 485 1505 tetrametro
508 1437 638 1504 oretieo:
661 1437 732 1502 ibi:
755 1436 854 1502 Andr.
880 1437 962 1516 634;
988 1475 1029 1483 -

240 1548 278 1612 In
301 1547 484 1612 tetrametro
507 1543 691 1611 beoohiaoo:

243 1655 271 1717 1.
296 1652 376 1717 obi:
400 1652 499 1717 Andr.
525 1651 605 1731 6383
631 1688 672 1698 -

241 1760 270 1824 2.
295 1759 366 1824 ibi:
391 1758 488 1823 Andr.
515 1759 594 1838 6383
621 1757 700 1856 nti:
725 1757 823 1821 Andr.
850 1757 924 1821 637.
946 1795 987 1804 -—

544 1932 657 2006 domno
678 1952 733 2006 nor
754 1887 908 2023 oenopteo.
979 1923 981 1928 ’

240 2095 282 2160 In
301 2093 439 2159 Andriae
461 2111 556 2158 versu
579 2094 654 2174 631,
684 2093 867 2158 tetrametro
889 2091 1014 2172 cretico,
1047 2110 1120 2157 eene
1151 2092 1308 2157 traditum

132 2202 183 2266 eet
205 2200 303 2282 „Post
324 2200 382 2265 nbi
405 2197 578 2281 tempuet“.
626 2197 688 2263 Sed
711 2197 739 2263 ei
761 2189 843 2262 hano
858 2196 1015 2262 librorum
1031 2197 1223 2281 scripturam
1242 2218 1308 2264 eer-

131 2325 287 2389 varemne,
312 2305 365 2371 hio
388 2306 473 2371 eolus
496 2304 584 2372 loeus
600 2307 692 2387 esset
717 2323 778 2388 quo
794 2303 917 2387 syllaba
931 2303 1037 2369 finalis
1052 2305 1200 2372 vocabuli
1207 2305 1309 2387 ,‚ubi“

132 2413 228 2495 longe
249 2412 403 2494 usurpate
424 2410 629 2476 inveniretur.
677 2409 746 2490 Qua
780 2409 818 2474 de
841 2428 936 2474 oense
958 2428 1033 2474 enm
1056 2410 1211 2475 Muellero
1234 2410 1306 2496 (eir.

133 2517 237 2583 Pleut.
261 2517 349 2581 Pros.
372 2534 444 2600 pag.
470 2517 513 2581 29
536 2518 569 2580 et
591 2517 656 2582 626
672 2515 710 2580 A.
730 2515 776 2600 1.)
800 2517 833 2580 et
854 2515 1044 2582 Dzietrkone
1065 2535 1123 2599 pro
1139 2517 1237 2598 „Post
1250 2518 1309 2583 nbi

119 2623 297 2706 “tdmpusffl
320 2621 522 2687 scribendum
545 2640 612 2686 esse
634 2640 758 2687 censeo:
783 2621 881 2703 „Post
909 2621 998 2687 ubist
1028 2603 1186 2705 tempne‘S
1226 2623 1308 2689 Cnm

131 2731 241 2794 entem
262 2729 339 2794 haee
361 2727 455 2793 lectio
479 2726 658 2793 oonieetnra
682 2728 734 2809 sit,
758 2728 864 2793 loonm
887 2747 951 2793 non
974 2726 1138 2810 respiciam
1154 2727 1189 2794 in
1206 2749 1308 2795 erem-

135 2833 200 2916 plis
223 2833 452 2918 computandis.
479 2871 521 2881 —

241 2939 344 3005 Etiam
368 2959 428 3005 vox
443 2939 534 3038 „ibi‘f
551 2940 677 3004 omnino
701 2958 765 3004 non
788 2938 925 3004 iambica
947 2947 995 3004 eet
1017 2939 1307 3022 apud'Perentinm.

178 3239 211 3325 d.
244 3239 337 3327 totos
364 3239 587 3337 tentionem
615 3239 726 3344 onon
754 3238 830 3323 doro
858 3239 980 3324 voodoo
1007 3262 1041 3324 oo
1068 3239 1268 3345 eontingont.

476 3450 497 3524 Ι.
532 3450 644 3524 Formae
666 3450 779 3524 iontioo
802 3452 964 3542 nepote.

542 3630 574 3712 a)
609 3629 659 3693 in
693 3629 902 3694 senario:

246 3773 272 3834 1.
298 3770 378 3834 did:
403 3771 477 3835 Heo.
504 3769 587 3852 6453
612 3808 654 3818 -

243 3875 272 3940 2.
297 3875 486 3958 Exemplum
509 3894 572 3940 non
595 3878 704 3942 exstat.

381 4035 417 4119 b)
452 4035 498 4099 in
533 4036 808 4119 septenario
842 4036 1071 4102 iambico:

244 4177 271 4243 l.
297 4177 376 4243 did:
400 4179 480 4244 Eun.
510 4178 595 4246 1002
619 4179 707 4263 (ante
731 4178 928 4262 diaeresim);
955 4216 996 4228 -

241 4284 270 4348 2.
296 4283 427 4348 Nullam
448 4284 545 4350 huius
569 4285 655 4350 modi
678 4303 787 4350 vooem
809 4284 925 4349 inveni.
