3078 4906
585 384 627 394 -
675 302 805 410 271..

394 678 1001 784 tmmmfflw

495 889 517 964 1.
541 890 653 965 tornae
676 911 730 964 non
752 891 906 982 correptae.

540 1051 573 1134 a)
599 1051 642 1114 in
666 1051 860 1116 senario:

217 1197 243 1255 l.
271 1191 358 1275 [egd:
394 1191 484 1256 Adel.
512 1193 585 1256 749.
633 1192 693 1256 Sed
730 1192 784 1255 hic
817 1193 905 1256 locus
941 1192 1032 1256 valde
1067 1191 1183 1256 dubius
1219 1193 1276 1257 est.

106 1295 209 1360 Codex
231 1298 404 1362 Bembinus
429 1298 488 1381 (A)
513 1297 594 1362 hanc
615 1298 749 1380 praebet
770 1298 957 1362 lectionem:

214 1402 283 1483 „Ita
304 1423 355 1467 me
379 1402 414 1466 di
436 1403 516 1466 bene
539 1405 653 1484 ament
679 1404 716 1467 ut
738 1402 829 1467 video
852 1422 910 1486 ego
932 1405 1023 1468 tuam
1047 1403 1232 1486 ineptiam.“

214 1506 283 1586 Qua
305 1507 339 1570 in
362 1507 521 1591 scriptura
555 1507 723 1592 quominus
758 1508 1002 1592 acquiescamus,
1036 1507 1200 1592 prohiberi
1223 1527 1281 1571 uos

106 1613 236 1694 apparet
259 1631 294 1676 ea
316 1633 359 1694 re,
385 1612 469 1696 quod
492 1613 570 1677 iusti
593 1613 688 1678 metri
710 1613 788 1677 fines
805 1613 851 1677 ibi
867 1614 1053 1697 migrantur.
1073 1652 1115 1661 —
1132 1613 1170 1677 In
1186 1612 1281 1677 libris

105 1716 173 1798 Do,
195 1737 272 1800 quos
288 1718 438 1783 Daiatzko
462 1720 588 1783 secutus
613 1720 669 1801 est,
695 1719 772 1783 haec
794 1738 903 1784 versus
927 1720 1085 1802 scriptura
1100 1717 1278 1783 invenitur:

215 1823 285 1904 „Ita
306 1823 356 1886 me
381 1823 414 1887 di
437 1826 552 1906 ament,
577 1826 615 1889 ut
637 1825 727 1889 video
752 1834 809 1907 ego
833 1827 922 1890 tuam
945 1825 1128 1907 1111111111.κ

212 1929 341 1992 Praeter
363 1928 586 1993 Dziatzkonem
621 1949 728 1994 omnes
760 1930 895 1995 editores
930 1930 1099 1994 lectionem
1121 1930 1280 1994 librorum

106 2036 133 2098 B
149 2033 286 2098 0an
308 2035 538 2116 probaverunt:

153 2143 154 2146 ’
215 2141 283 2222 „Ita
306 2141 355 2204 md
379 2141 412 2204 di
435 2143 550 2224 ament,
574 2144 612 2207 ut
630 2142 725 2207 -video
748 2144 837 2207 tuam
860 2161 916 2224 ego
941 2142 1124 2224 ineptiam.“

214 2245 274 2310 Sed
297 2246 329 2311 0.
354 2247 518 2332 Reinius¹)
543 2248 624 2312 hanc
659 2248 849 2330 scripturam
883 2247 917 2310 iu
953 2247 1165 2329 suspicionem
1188 2250 1281 2311 vocat

105 2353 235 2434 propter
256 2353 481 2435 pronominum
503 2354 749 2426 collocationem.
797 2352 860 2432 Qui
882 2353 932 2417 vir
955 2353 1065 2417 doctus
1101 2352 1182 2417 hauc
1204 2372 1279 2416 nor·

107 2475 192 2520 mam
214 2457 248 2520 in
271 2457 455 2523 universum
478 2479 497 2524 a
518 2459 621 2541 poetis
646 2459 775 2524 comicis
799 2460 996 2523 observatam
1019 2477 1085 2522 esse
1108 2457 1207 2536 docet,
1244 2459 1281 2521 ut

107 2561 338 2626 nominativum
361 2565 555 2646 pronominis
579 2565 751 2648 personalis
775 2565 929 2647 ponerent
952 2565 1024 2628 ante
1047 2563 1184 2647 reliquos
1208 2581 1282 2644 pro-

108 2667 272 2731 nominum
305 2670 554 2750 possessivorum
589 2690 688 2735 casus.
742 2671 789 2735 De
822 2670 881 2734 hoc
915 2670 983 2734 loco
1019 2668 1150 2732 Reinius
1188 2669 1274 2751 (pag.

109 2772 168 2854 58)
194 2772 391 2838 haecdicit:

137 2955 140 2962 ,
218 2877 351 2961 „Siquid
373 2879 520 2962 equidem
542 2880 641 2962 video,
665 2880 753 2964 prior
776 2899 884 2944 versus
907 2899 979 2963 pars
1004 2879 1176 2943 secundum
1187 2881 1284 2943 Bem-

108 2983 221 3047 binum
245 2985 395 3049 servanda
419 2987 475 3066 est,
501 2989 535 3051 at
557 2986 591 3050 in
613 2986 786 3068 posteriore
810 2985 1026 3062 nominativus
1045 2987 1153 3067 „ego“,
1178 2983 1282 3067 quiet

107 3089 143 3153 in
175 3088 269 3153 libris
305 3091 336 3154 et
371 3091 455 3174 apud
477 3092 638 3157 Donatum
666 3092 740 3176 [„ut
762 3112 818 3174 ego
841 3091 931 3156 video
966 3092 1056 3155 tuam
1090 3088 1280 3173 ineptiam“]

108 3195 203 3260 variis
226 3215 335 3261 versus
358 3197 435 3262 locis
452 3198 606 3280 tradatur,
624 3198 738 3263 melius
754 3197 917 3262 omittitur
932 3196 1027 3280 idque
1043 3196 1098 3277 ita
1115 3198 1153 3260 ut
1167 3194 1285 3266 leniter

108 3302 231 3367 mutato
256 3303 364 3367 ordine
387 3305 554 3368 verborum
578 3304 623 3368 sic
646 3304 839 3368 versiculum
861 3301 1076 3385 reponendum
1098 3320 1258 3365 censeam:

218 3408 287 3488 „Ita
310 3409 359 3472 md
383 3408 417 3472 di
439 3409 518 3474 bene
542 3412 658 3491 ament,
682 3410 721 3474 vit
743 3410 832 3473 tuam
854 3408 946 3473 video
970 3408 1155 3489 ineptiam.“

215 3513 261 3576 Ex
283 3513 334 3577 his
359 3513 435 3579 satis
458 3515 662 3597 intelligitur,
688 3534 782 3598 quam
806 3513 922 3577 dubius
946 3511 990 3577 sit
1018 3512 1106 3576 loeus
1132 3513 1164 3575 et
1187 3530 1283 3594 quam

109 3621 293 3699 suspectum
314 3639 485 3701 pronomen
511 3619 634 3704 „ego“.]
661 3658 703 3667 —
729 3619 850 3703 [mihiz
875 3619 972 3683 Andr.
1001 3615 1282 3699 urspengensis

109 3724 219 3786 contra
241 3741 426 3788 consensum
448 3725 612 3807 librorum,
645 3726 700 3809 qui
715 3725 860 3790 madunt:
887 3724 984 3808 „quid
1007 3723 1061 3787 hic
1083 3722 1165 3786 mihi
1187 3720 1282 3785 faciet

107 3827 224 3922 patri“‚
249 3829 346 3892 verba
368 3828 430 3893 hoc·
458 3829 566 3894 ordine
596 3830 704 3912 posuit
736 3830 835 3911 „mihi
859 3830 937 3913 quid
959 3828 1012 3894 hic
1034 3827 1130 3893 faciet
1152 3826 1281 3910 patri?“

108 3932 256 3998 Ceterum
270 3935 298 3998 si
313 3934 411 3999 libros
428 3935 598 4018 sequimur,
615 3937 653 4000 ut
668 3935 802 4000 formam
816 3935 935 4016 „mihi“
951 3933 1085 3998 iambice
1102 3932 1281 4014 metiamur,

217 4250 244 4316 1)
274 4249 303 4303 d.
322 4249 399 4303 Rein.
436 4249 477 4302 Do
496 4249 684 4318 pronominum
709 4249 780 4318 apud
808 4249 964 4303 Terentium
993 4248 1179 4301 collocatione.
1217 4247 1285 4315 Lip-

109 4339 165 4392 siae
185 4337 263 4391 1879.
