3078 4906
732 287 953 352 -34-

261 479 441 561 statuimus,
460 479 649 544 censendum
665 480 793 545 estsine
808 480 915 562 dubio,
929 481 1031 544 ictum
1045 480 1273 563 rhythmicum,
1291 482 1329 545 ut
1339 481 1443 563 sylla-
1519 543 1520 568 p

260 585 318 649 bae
341 604 377 649 ex
400 586 520 669 origine
543 587 664 669 longae,
690 586 744 651 sed
768 587 924 669 paulatim
947 588 1116 670 correptae,
1151 587 1263 670 longae
1296 586 1445 668 pretium

260 693 444 772 1111111111,
467 692 607 756 multum
625 681 771 772 ualuisse,
788 712 863 756 nam
880 692 1026 757 omnibus
1039 692 1105 756 illis
1117 692 1195 757 locis
1208 693 1443 758 vocabulorum

261 796 382 880 syllaba
417 798 523 862 finalis
545 798 579 862 in
604 798 667 865 arsi
700 798 805 881 posita
838 799 895 862 est.
943 796 1033 876 Quod
1068 798 1185 863 attinet
1217 799 1256 862 ad
1291 800 1440 881 exempla

259 901 432 966 formarum
455 905 679 985 correptamm,
715 903 793 968 locis
820 903 951 968 incertis
976 922 1082 968 omues
1105 903 1247 968 virorum
1271 905 1443 970 doctorum

260 1009 431 1072 sententias
455 1009 630 1073 examinare
653 1010 746 1091 plane
770 1028 1038 1092 supervacaneum
1061 1009 1142 1074 mihi
1166 1010 1335 1076 videbatur
1358 1030 1440 1091 esse,

258 1132 332 1177 cum
355 1114 569 1196 exemplorum
591 1115 748 1178 certorum
772 1114 862 1196 copia
884 1116 974 1179 tauta
997 1114 1049 1196 sit,
1076 1116 1111 1179 ut
1134 1134 1171 1179 ex
1189 1114 1244 1189 his
1269 1115 1347 1180 satis
1363 1135 1442 1200 cog-

258 1220 419 1301 noscatur,
467 1239 528 1302 qua
566 1219 685 1283 ratione
730 1219 896 1284 Terentius
934 1219 969 1283 in
1006 1220 1057 1284 his
1096 1221 1257 1285 vocabulis
1302 1221 1443 1286 metien-

259 1324 308 1388 dis
324 1308 525 1389 1111111.-
542 1324 631 1388 luter
647 1324 812 1389 duodecim
827 1326 921 1405 locos,
947 1325 1062 1409 quibus
1085 1328 1179 1409 poeta
1194 1345 1285 1390 voces
1301 1326 1442 1391 iambico

258 1449 427 1512 usurpasse
450 1431 560 1513 possit
586 1434 656 1495 octo
680 1433 763 1512 suut,
789 1431 905 1514 quibus
929 1431 1006 1495 haec
1024 1427 1184 1497 'vocabula
1205 1432 1239 1495 in
1257 1433 1439 1514 septenario

259 1536 309 1600 vel
332 1535 490 1600 octonario
514 1535 648 1600 iambico
672 1536 744 1600 autc
768 1536 935 1600 diaeresim
957 1536 1063 1600 locum
1087 1537 1260 1602 obtineant.
1297 1537 1359 1602 Sed
1382 1536 1453 1602 hic'

258 1640 431 1725 ancipitem
454 1641 608 1724 syllabam
624 1641 795 1705 admissam
813 1661 880 1706 esse
903 1643 1036 1706 constat.
1084 1642 1217 1707 Restant
1240 1643 1342 1726 igitur
1357 1663 1439 1727 qua-

258 1749 332 1812 tuor
356 1748 499 1831 exempla
521 1748 614 1812 certa.
661 1748 740 1813 Vooi
765 1748 865 1829 „tibi“
891 1749 940 1812 ter
962 1748 997 1812 in
1020 1749 1151 1830 senario,
1187 1749 1282 1813 semel
1304 1749 1339 1813 in
1364 1770 1439 1833 sep-

258 1853 378 1918 tenario
401 1853 560 1917 trochaico
584 1853 682 1918 iambi
705 1853 845 1936 pretium
869 1854 980 1918 datum
1004 1856 1059 1918 est.
1107 1855 1239 1919 Formae
1265 1855 1385 1935 „mihi“
1406 1858 1441 1920 et

261 1961 369 2042 „ego“,
394 1959 457 2023 uisi
480 1961 552 2023 autc
576 1959 750 2040 diaeresim,
776 1979 933 2043 nusquam
956 1960 1109 2024 iambioae
1133 1962 1217 2025 sunt.

170 2355 180 2370 k
298 2260 330 2344 l.
358 2258 451 2345 locos
477 2259 638 2357 laubicus,
672 2260 705 2344 in
733 2259 845 2388 quibu
879 2260 957 2345 duae
984 2261 1106 2347 1111111
1133 2283 1166 2346 11
1194 2260 1394 2366 contingunt.

364 2473 449 2538 (luil.
475 2474 633 2539 Christius
667 2475 702 2539 in
724 2475 807 2539 libro
831 2475 869 2538 de
892 2494 925 2538 re
947 2475 1079 2539 metrica
1101 2474 1293 2540 Graecorum
1316 2475 1347 2538 et
1369 2473 1439 2538 Ro-

256 2600 422 2646 manorum
444 2580 622 2663 conscripto
646 2581 684 2645 de
708 2581 842 2663 synizesi
874 2580 957 2664 apud
980 2582 1099 2645 veteres
1122 2581 1336 2645 Romanomm
1358 2599 1437 2662 poe-

255 2689 305 2751 tas
329 2686 486 2751 scaeniocs
511 2687 596 2769 (pag.
623 2687 681 2769 30)
704 2686 780 2750 hacc
803 2686 895 2751 dicit:

366 2793 517 2873 „Plautus
541 2792 607 2856 und
630 2792 681 2856 die
708 2791 932 2856 altrbmisohen
965 2792 1226 2857 Buhuendichter
1251 2791 1436 2873 uberhaupt

256 2898 365 2962 richen
389 2897 591 2981 regelmassig
613 2898 664 2962 die
687 2898 1049 2964 zusammenstosseudcu
1072 2899 1186 2964 Vocale
1210 2899 1245 2962 in
1268 2897 1342 2962 dein
1365 2895 1435 2960 und

256 3002 371 3067 deinde
405 3003 519 3068 dehinc
552 3004 643 3087 proin
678 3003 808 3086 proinde
843 3005 989 3068 deorsum
1024 3023 1164 3068 seorsum
1186 3003 1220 3067 in
1244 3003 1313 3068 1111
1337 3003 1434 3087 Sylbe

256 3128 435 3174 zusammen
457 3109 524 3173 und
546 3109 650 3174 lassen
684 3109 756 3173 sehr
789 3110 898 3194 haufig
921 3109 1078 3193 Synizcsis
1106 3109 1262 3173 cintreteu
1283 3109 1320 3173 in
1341 3126 1432 3172 meus

256 3215 334 3280 deus
371 3218 447 3280 tuus
486 3234 562 3280 suus
600 3215 678 3280 duos
717 3235 753 3279 ea
775 3215 884 3280 eadem
906 3216 971 3279 und
1009 3215 1100 3279 ihren
1122 3214 1230 3296 01111,
1269 3214 1374 3279 111111
1394 3214 1434 3278 iu

254 3323 364 3404 postea
386 3323 479 3385 antea
506 3339 612 3384 eamus
648 3321 726 3384 eatis
761 3322 838 3385 eunt
860 3321 978 3385 anteire
1001 3320 1132 3384 introire
1156 3319 1276 3384 coimus
1299 3339 1432 3402 praeop-

255 3428 322 3491 tare
355 3427 454 3491 cicere
491 3426 607 3491 reicere
645 3425 691 3490 rei
729 3425 912 3491 dehortatus
941 3425 1117 3490 deosculari
1152 3425 1204 3489 cui
1238 3425 1330 3490 ouius
1354 3423 1432 3488 huic

254 3530 351 3597 huius
386 3532 517 3595 suerunt
549 3530 598 3595 fui
632 3531 729 3595 fuisse
763 3531 906 3594 ducllum
940 3530 1047 3613 puella
1070 3531 1178 3594 cluens
1203 3581 1210 3593 .
1237 3581 1243 3593 .
1270 3581 1276 3594 .
1326 3531 1432 3614 Unge-

254 3637 412 3701 wbhulioh
446 3656 509 3700 war
543 3637 624 3701 auch
657 3637 709 3702 bei
739 3636 800 3701 den
828 3637 1051 3701 altrbmischen
1073 3636 1355 3701 Bihuendichtem
1378 3635 1432 3701 die

255 3743 470 3826 Vereiuigung
493 3742 577 3807 eines
602 3743 614 3806 i
636 3743 697 3808 mit
728 3743 987 3826 nachfolgendem
1020 3743 1143 3808 Vocale.
1191 3743 1229 3807 In
1253 3731 1313 3808 den
1336 3745 1432 3809 Vers-

255 3867 378 3913 massen
412 3848 465 3913 des
500 3848 629 3932 Dialogs
663 3849 763 3913 findet
786 3849 855 3914 sich
877 3849 1014 3913 dieselbe
1036 3849 1089 3913 bei
1111 3848 1260 3932 quoniam
1283 3848 1340 3915 diu
1362 3848 1431 3913 dies

255 3953 320 4019 scio
343 3953 442 4018 sciam
465 3953 544 4018 scias
568 3954 753 4038 priusquam
776 3954 889 4036 trium;
913 3954 948 4018 iu
971 3955 1032 4018 den
1054 3954 1236 4036 Anapasten
1264 3954 1434 4020 verbindet

255 4058 325 4124 sich
348 4058 429 4122 auch
452 4057 507 4122 das
530 4059 544 4121 i
565 4059 626 4123 mit
648 4058 1039 4143 Decliuationseudungem
1064 4058 1121 4123 wie
1143 4059 1178 4122 in
1198 4059 1280 4124 fflios
1300 4060 1433 4143 nuptias

253 4162 408 4248 gaudium
430 4163 549 4248 gratias
572 4185 602 4228 u.
629 4167 677 4229 a.“
