3078 4906
755 307 974 370 ...56-

557 497 594 581 d)
628 499 672 563 in
702 500 929 564 octonario
962 499 1167 564 iambico:

388 646 414 703 l.
440 640 532 704 solo:
555 641 638 705 Eun.
659 641 742 721 5673
767 677 809 687 -

387 747 416 810 2.
442 746 534 810 scio:
557 746 657 812 Andr.
681 747 762 829 5633
787 785 828 794 -

526 906 559 989 e)
592 906 910 971 inoctonario
933 907 1199 971 trochaico:

388 1052 415 1110 1.
439 1046 627 1130 Exemplum
649 1067 714 1111 non
735 1047 860 1128 inveui3

384 1155 414 1216 2.
439 1151 532 1216 scio:
556 1154 632 1218 Hoc.
658 1155 740 1234 290;
766 1191 808 1200 -

580 1329 610 1412 f)
633 1329 679 1393 in
702 1329 880 1394 ceteris
902 1331 1127 1396 numeris:

381 1469 420 1533 In
443 1467 578 1534 dimetro
601 1470 774 1535 trochaico:
800 1472 891 1536 scio:
916 1473 991 1536 Hoc.
1018 1474 1092 1537 859.

383 1645 468 1726 Quin
490 1647 579 1712 verbi
607 1648 704 1712 eundi
735 1648 862 1730 formae,
899 1649 982 1714 siout
1016 1649 1202 1733 pronomina
1227 1669 1294 1730 „ea,
1320 1667 1364 1728 eo,
1387 1664 1436 1723 eas,

275 1755 346 1818 eos“
373 1753 508 1836 syninesi
531 1754 782 1837 pronuntiandae
806 1755 880 1836 sint,
905 1755 1051 1820 dubitare
1074 1755 1126 1820 vix
1141 1756 1254 1838 potest.
1292 1750 1439 1820 Vocabula

278 1878 387 1943 „queo
411 1859 479 1942 beo,
504 1859 583 1942 ini“‚
601 1861 664 1925 nisi
685 1861 823 1926 iambica
845 1881 908 1927 uon
930 1861 1138 1927 inveniuntur
1152 1861 1238 1944 apud
1253 1858 1435 1926 Terentium

275 1964 382 2029 Dubia
415 1964 548 2030 forsitan
582 1986 632 2030 res
660 1966 807 2031 videatur
839 1986 905 2032 esse
940 1967 976 2032 in
1010 1967 1130 2032 sciendi
1152 1968 1256 2032 verbo.
1306 1968 1440 2031 Formam

277 2070 382 2152 „scio“
418 2070 515 2134 vicies
549 2073 656 2136 novies
702 2073 784 2154 legi:
824 2074 874 2137 ter
910 2073 1014 2138 decies
1051 2073 1231 2154 iambicam,
1271 2071 1370 2138 sexies
1393 2068 1437 2132 de·

276 2176 339 2246 cies
362 2195 426 2240 nou
447 2175 626 2244 iambicam.
673 2179 791 2243 Vocem
813 2179 939 2260 ‚,scias“
954 2180 1090 2262 quatuor
1112 2178 1189 2242 locis
1212 2178 1323 2242 inveni
1346 2173 1440 2241 ettri·

275 2283 336 2347 bus
352 2281 480 2366 quidem
497 2271 632 2348 iambico
646 2286 841 2366 usurpatam.
865 2285 976 2366 Locus,
1001 2303 1062 2368 qno
1086 2303 1214 2368 prorsus
1237 2281 1440 2349 necessarium

277 2387 321 2453 sit
344 2388 534 2453 vocabulum
557 2389 665 2471 ‚‚soio“
689 2392 746 2454 ant
768 2391 892 2472 ,‚scias“
916 2390 1051 2473 synizesi
1084 2390 1290 2473 pronuntiare
1324 2388 1388 2454 sive
1409 2381 1441 2448 ad

277 2493 395 2558 falsum
418 2495 734 2578 proceleusmaticum
757 2496 940 2561 evitandum
963 2496 1029 2561 sire
1056 2498 1095 2561 ob
1123 2495 1219 2560 aliam
1234 2514 1372 2574 causam,
1388 2507 1442 2555 non
1491 2470 1492 2526 l

279 2601 389 2665 exstat.
421 2600 639 2666 Nihilominus
655 2621 694 2666 no
711 2602 746 2666 in
760 2602 812 2666 his
836 2601 965 2686 quidem
987 2602 1097 2667 formis
1122 2601 1290 2684 synizesim
1315 2600 1441 2665 statuero
1491 2609 1492 2614 ’

278 2704 492 2770 dubitaverim
513 2707 718 2772 consideratis
742 2707 796 2787 eis,
821 2726 901 2791 qnae
924 2707 1081 2790 saprade
1104 2705 1263 2772 similibus
1286 2704 1441 2772 nominum

278 2811 389 2876 formis
413 2811 487 2877 dixi.
535 2812 597 2878 Sed
619 2813 678 2877 hoc
701 2813 851 2896 respicias
874 2813 980 2895 velim,
1012 2811 1180 2895 synizesim
1203 2812 1340 2878 duarum
1363 2825 1441 2874 voca·

278 2916 370 3000 lium,
395 2936 530 3002 quarum
551 2919 640 3003 prior
650 2919 708 3001 ‚,i“
720 2919 772 3001 sit,
789 2920 891 2985 multo
906 2918 1058 2984 rariorem
1073 2937 1149 2999 esso,
1166 2935 1262 3001 quam
1277 2921 1444 2984 ceterarum

278 3023 437 3088 vocalium
459 3025 649 3090 coeuntium.
