3078 4906
744 285 965 347 ,46-

563 475 600 558 d)
623 475 667 538 in
690 476 918 539 octonario
941 475 1146 539 iambico:

380 619 406 679 1.
433 618 524 681 amdz
548 615 675 680 Phorm.
704 617 780 696 1653
805 653 848 662 —
872 616 965 680 ferd:
988 615 1086 680 Andr.
1113 619 1192 696 6103
1219 653 1259 661 —

431 720 545 805 [mant
569 720 667 786 Andr.
694 721 769 786 682.
816 721 917 786 Locus
941 721 1087 806 dubius];

430 828 505 892 ani:
529 827 627 893 Andr.
653 811 733 907 '2553
759 866 801 875 -
825 827 933 891 mon:
958 827 1037 891 nun.
1066 829 1143 908 nn
1169 865 1210 874 -

379 935 408 999 2.
433 934 508 999 abi:
531 934 622 998 Adel.
647 936 727 1015 620;
752 973 794 981 -
817 933 917 998 vide:
941 933 1031 998 Adel.
1057 936 1137 1014 3433
1167 972 1208 981 -
1233 933 1332 997 dari:
1357 930 1441 994 Adel.

274 1041 417 1124 346(1n
451 1039 669 1123 Adelphorum
703 1059 796 1104 versu
834 1041 898 1104 343
935 1040 1174 1122 scriptumest:
1210 1039 1356 1104 Sostratd
1379 1035 1444 1099 vide

270 1147 387 1231 qntm“
412 1148 444 1210 et
465 1145 500 1209 in
523 1164 616 1210 versu
639 1147 720 1211 346:
747 1165 822 1228 „pro
846 1145 969 1228 virgint
992 1145 1061 1210 dari
1085 1147 1241 1229 ndptum“

378 1250 564 1334 Spengelins
598 1251 649 1316 his
684 1251 761 1315 locis
795 1251 942 1315 metitur:
981 1251 1143 1332 „Sostratd
1177 1251 1250 1316 vidd
1274 1251 1393 1334 qutm“
1418 1247 1445 1310 et

275 1377 351 1442 „pro
374 1355 498 1440 virgint
521 1356 591 1421 darl
615 1359 782 1441 ndptum.“

381 1463 439 1528 Vir
461 1463 517 1527 ille
552 1463 663 1529 doctus
698 1464 782 1528 enim
807 1503 848 1511 -
872 1466 910 1528 nt
933 1483 1027 1547 snpra
1049 1465 1114 1528 iam
1137 1461 1384 1528 commemoravi
1407 1497 1443 1506 —

271 1569 410 1654 syllabas
433 1571 547 1633 natura
564 1570 671 1633 breves
692 1569 759 1633 ictu
774 1569 955 1651 rhythmico
970 1569 1080 1652 longas
1096 1569 1194 1633 factas
1210 1587 1276 1633 esse
1292 1567 1442 1632 iudicat.“

379 1674 465 1754 Quae
499 1674 542 1739 sit
575 1693 645 1739 mea
678 1675 834 1739 sententia
867 1675 906 1738 de
939 1675 1058 1739 talibus
1092 1674 1179 1755 locis,
1218 1675 1282 1738 iarn
1306 1669 1442 1756 exposui.

272 1783 339 1866 Ego
362 1781 488 1846 metior:

385 1883 548 1968 „Sostratd
571 1887 647 1951 vldd
671 1889 784 1970 quam“
810 1889 842 1951 et
867 1883 1011 1970 „virgind
1036 1886 1108 1952 ddri
1132 1888 1299 1970 ndptum“.

380 1992 541 2076 Spengelii
574 2012 722 2057 mensura
755 1993 806 2057 his
840 1993 918 2057 locis
953 2011 988 2057 eo
1011 1993 1113 2076 magis
1136 1993 1347 2076 improbanda
1370 1988 1445 2054 mihi

272 2099 498 2178 videturesse,
524 2097 606 2180 qnod
629 2098 859 2180 eorreptionem
881 2099 1106 2163 vocabulorum
1131 2099 1242 2181 „vide“
1279 2100 1311 2162 et
1338 2096 1442 2181 „dard

274 2207 412 2270 statuere
446 2205 571 2269 coactus
606 2206 662 2284 est,
699 2223 778 2288 qnae
801 2207 884 2269 certe
907 2204 1038 2270 vitanda
1071 2207 1127 2286 est,
1163 2204 1346 2287 ubicunqne
1381 2200 1444 2267 fieri

274 2311 406 2396 potest.)
431 2348 473 2358 -

436 2435 517 2499 ago:
542 2413 639 2481 Andr.
659 2418 739 2497 6143
757 2454 799 2464 -
815 2436 890 2481 ero:
906 2417 987 2481 Eun.
1008 2418 1085 2497 781;
1104 2454 1146 2464 -
1163 2436 1238 2481 oro:
1255 2415 1355 2481 Andr.
1378 2415 1442 2480 190.
1495 2447 1496 2476 ι

261 2577 262 2583 ’
342 2577 375 2660 o)
398 2574 437 2640 in
460 2577 652 2641 octonario
676 2576 869 2641 trochaico
893 2578 1073 2659 exemplum
1095 2577 1215 2642 frustra
1237 2575 1389 2659 quaesivi.

607 2717 635 2799 s)
658 2718 702 2781 in
724 2717 887 2781 ceteris
911 2718 1115 2781 numeris:

437 2858 475 2922 In
497 2860 679 2922 tetrametro
703 2858 885 2923 bacchinon:
910 2857 1005 2922 dart:
1029 2856 1127 2922 Andr.
1153 2859 1228 2922 484.

690 3103 723 3178 ΙΙ.
746 3103 859 3177 dorna
880 3106 1034 3194 ttntntn.

706 3283 738 3365 a)
762 3282 805 3346 in
829 3282 1019 3347 senario:

389 3424 416 3486 1.
441 3422 522 3505 Ago:
557 3422 654 3487 Haut.
680 3425 759 3504 3433
795 3424 921 3489 Phorm.
947 3425 1026 3504 447;
1054 3461 1094 3470 -
1119 3426 1220 3507 rdgo:
1243 3423 1341 3487 Andr.
1370 3421 1444 3496 7533

490 3528 570 3592 Eun.
597 3530 676 3610 341;
703 3568 744 3576 -

408 3661 411 3666 ·
439 3632 513 3697 tbi:
537 3633 617 3699 Eun.
643 3635 722 3716 4993
746 3635 872 3700 Phorm.
899 3637 951 3716 59,
979 3637 1056 3716 7123
1093 3635 1181 3720 [Hec.
1209 3635 1281 3700 726.
1306 3635 1353 3698 Ex
1376 3652 1446 3698 con·

492 3737 613 3804 iectura
634 3740 857 3825 Fleckeiseni];
883 3779 924 3787 -
948 3741 1048 3805 θάνοι
1072 3741 1168 3806 Haut.
1194 3742 1269 3822 302,
1295 3742 1374 3820 826;
1408 3772 1446 3784 -ν

438 3845 539 3910 idbe:
562 3846 642 3910 Eun.
662 3847 741 3928 6913
765 3846 892 3911 Phorm.
912 3847 991 3927 922;
1009 3886 1050 3894 -
1067 3849 1182 3912 mdvez
1206 3847 1286 3911 Eun.
1313 3847 1393 3928 9123
1408 3879 1445 3892 a

440 3948 534 4016 rtdi:
570 3951 665 4017 Haut.
704 3953 783 4032 3493
820 3991 862 4000 -
896 3953 995 4017 vide:
1031 3953 1127 4018 Haut.
1154 3953 1228 4032 369,
1266 3953 1339 4032 374,
1369 3952 1444 4027 8713

493 4055 583 4122 Adel.
602 4059 681 4138 2393
707 4095 749 4104 —-

388 4161 417 4225 2.
443 4161 551 4226 dabo:
576 4163 651 4227 Hoc.
678 4163 741 4229 697
767 4163 816 4246 (in
838 4163 931 4228 initio
954 4163 1094 4247 versus);
1120 4203 1162 4212 -

441 4266 537 4333 volo:
562 4267 650 4333 Haut
675 4269 739 4333 789
763 4269 813 4352 (in
835 4269 927 4334 initio
951 4270 1089 4351 versus);
1121 4270 1248 4334 Phorm.
1275 4269 1340 4335 950
1364 4267 1446 4352 (post
