3078 4906
752 297 971 362 ,52-

554 602 584 680 e)
608 599 650 664 in
673 598 900 663 octonorio
923 597 1168 662 trochaico:

383 759 417 843 1)
443 758 560 823 tacte:
595 759 670 823 Hec.
707 758 771 822 527
808 756 962 841 (Codices,
992 758 1117 839 praeter
1139 756 1340 838 Bemblnum,
1368 757 1460 821 bunc

487 884 614 931 versum
636 865 682 930 sic
704 865 869 948 praebent:

385 972 530 1055 „Peperit
564 971 650 1037 filia?
688 972 770 1052 hem,
810 970 914 1034 taces?
955 969 1458 1052 exquornur.1stuepatrem

434 1095 544 1160 rogare
568 1079 616 1141 est
639 1077 810 1159 aequoml“

381 1183 555 1264 Bentlcius,
580 1181 633 1246 cui
666 1182 802 1247 Mueller
836 1182 906 1264 (eir.
931 1181 1035 1247 Plaut.
1060 1181 1145 1246 Prcs.
1182 1201 1253 1265 pag.
1280 1183 1346 1245 213
1371 1183 1459 1265 seq.)

275 1288 422 1355 assentiri
450 1288 586 1370 videtur,
627 1307 663 1352 ex
688 1290 811 1370 „taccs“
837 1288 973 1353 coniecit
999 1290 1139 1369 „tacen“,
1176 1287 1298 1352 scilicet
1320 1291 1361 1352 ut
1385 1308 1459 1352 cor-

274 1395 377 1479 reptio
401 1395 528 1460 vitetur.
577 1394 628 1459 Sic
652 1395 737 1459 enim
760 1395 853 1459 dicit:
1522 1449 1523 1478 p

385 1499 495 1582 „Hem,
520 1501 625 1565 taces?
648 1520 684 1565 ex
709 1504 785 1584 quo)
811 1501 862 1565 Sic
885 1501 971 1565 libri.
998 1500 1059 1565 Sed
1082 1501 1199 1582 ,Taces‘
1222 1500 1275 1563 vix
1297 1499 1461 1582 corripiat

275 1607 488 1692 posteriorem.
535 1606 670 1688 Repone,
695 1607 777 1670 Hem
801 1609 901 1672 taccu.
948 1608 1060 1689 Tacen,
1080 1607 1192 1688 Viden,
1216 1605 1325 1670 brevia
1341 1607 1457 1670 sunt.“
1522 1685 1523 1704 χ

276 1714 337 1781 Sed
360 1714 452 1797 plene
476 1731 706 1795 supervacanea
739 1713 822 1776 mibi
844 1713 971 1777 videtur
1009 1732 1075 1777 esse
1098 1711 1236 1777 Bentleii
1258 1711 1457 1793 coniectura,
1522 1761 1523 1770 ,

276 1839 350 1885 nem
383 1819 537 1901 correptio
572 1819 719 1884 vocabuli
755 1821 878 1902 „teces“
917 1821 1076 1884 statuatur
1108 1839 1159 1882 me
1192 1817 1297 1882 iudice
1325 1837 1460 1883 necesse

275 1945 404 2011 prorsus
427 1945 490 1990 non
513 1928 569 1990 est.
617 1924 748 1990 Constat
769 1926 911 1990 litteram
945 1929 1016 2008 „m“
1041 1926 1076 1989 in
1098 1926 1161 1990 fine
1183 1925 1330 1989 brevium
1352 1925 1459 2007 sylla-

275 2033 389 2097 barum
411 2031 519 2096 Plauti
542 2034 574 2096 et
596 2032 737 2096 Terentii
759 2034 860 2096 aetate
882 2034 950 2097 tam
964 2033 1104 2097 tenuiter
1119 2051 1185 2096 csse
1200 2030 1457 2114 pronuntiatam,

275 2140 313 2202 ut
336 2156 354 2202 a
377 2137 561 2202 consonanti
583 2139 711 2220 excepta
733 2158 796 2202 non
820 2158 942 2220 semper
960 2138 1149 2221 positionem
1164 2137 1311 2201 efficeret.
1359 2138 1458 2202 Men-

277 2262 350 2308 sure
375 2239 522 2326 „pttrem
555 2244 684 2327 rogdre“
720 2243 931 2327 improbanda
964 2244 1065 2327 igitur
1087 2264 1150 2308 ncn
1173 2246 1230 2308 est.
1289 2243 1457 2322 Quaeres

276 2366 348 2414 cum
371 2348 418 2413 ita
440 2368 472 2413 se
495 2349 618 2431 habeat,
643 2370 770 2414 versum
793 2351 887 2415 illum
912 2350 957 2415 sic
979 2350 1107 2415 metior:

385 2454 531 2542 „Peperit
564 2455 650 2521 filia?
684 2456 766 2538 blm,
801 2456 908 2522 taces?
942 2476 978 2521 ex
1001 2457 1081 2539 quo?
1119 2455 1190 2520 MY.
1215 2457 1299 2520 istuc
1321 2451 1459 2537 pdtrem

435 2562 544 2644 rogare
568 2564 616 2628 est
639 2563 808 2646 aequom?“

382 2667 506 2758 Klotzio
542 2669 627 2752 (pag.
663 2669 721 2750 59)
756 2669 860 2752 placet
895 2669 1033 2733 codicem
1066 2667 1258 2733 Bemblnum
1292 2666 1394 2750 sequi,
1420 2667 1458 2731 in

276 2790 337 2855 quo
361 2792 468 2837 versus
504 2775 569 2839 526
604 2776 636 2838 et
659 2774 723 2838 527
758 2777 823 2839 tres
858 2794 966 2839 versus
991 2778 1074 2857 sunt,
1111 2794 1245 2858 quorum
1267 2773 1395 2856 primus
1420 2774 1457 2837 in

278 2878 414 2959 „teccs“‚
451 2879 605 2944 secundus
640 2879 674 2943 iu
712 2884 869 2962 „censes“,
901 2881 1015 2946 tertius
1039 2881 1074 2945 in
1098 2882 1265 2963 „obsecro“
1291 2878 1363 2942 exit.
1416 2879 1457 2942 In

274 2982 335 3048 hoc
358 2983 459 3068 igitur
484 2984 588 3050 codice
611 2986 758 3050 vocabuli
783 2988 906 3068 „taces“
931 2986 1112 3051 terminatio
1139 2988 1210 3068 „es“
1236 2986 1271 3048 in
1293 2985 1356 3048 fine
1379 3004 1457 3049 ver-

277 3109 329 3154 sus
353 3089 609 3175 invenitur,1quo
625 3091 693 3156 loco
710 3092 834 3174 syllaba
848 3112 961 3176 anceps
978 3092 1167 3157 admittitur.
1217 3091 1277 3156 Sed
1294 3091 1457 3174 quomodo

275 3197 340 3260 tres
364 3195 415 3259 illi
449 3215 556 3260 versus
581 3196 733 3260 metiendi
757 3197 830 3279 sint,
870 3198 1014 3262 chtuius
1038 3217 1102 3262 non
1125 3198 1224 3262 docet.
1272 3196 1355 3260 Mihi
1379 3197 1458 3279 qui-

276 3299 347 3365 dem
371 3301 429 3365 hcc
452 3302 545 3384 plane
568 3303 738 3366 obscurum
761 3305 833 3386 est.)

384 3407 413 3472 2.
438 3406 535 3471 Nulla
556 3426 614 3471 vox
636 3407 768 3490 legitur!

607 3603 701 3684 l)in
724 3605 888 3670 ceteris
912 3605 1122 3671 numeris:

383 3759 422 3823 ln
444 3761 625 3826 tetrametro
649 3763 828 3828 bacchieco:

388 3869 415 3930 1.
440 3867 560 3950 rogts:
584 3866 682 3932 Andr.
709 3870 783 3933 637.

385 3971 415 4035 2.
439 3970 626 4054 Exemplum
649 3991 712 4036 non
734 3973 905 4039 invenitur.
1002 4015 1015 4040 .-
