3078 4906
611 304 831 367 ..17-

130 535 174 548 --
197 499 299 583 lupo:
338 499 418 564 Eun.
445 498 518 564 832.
567 496 645 580 (Qui
682 515 790 561 versus
829 495 863 559 in
901 495 1048 560 omnibus
1077 493 1237 559 codicibus
1261 491 1306 557 sic

130 606 275 670 exaratus
300 605 361 668 est:

218 709 411 792 ‘„Scelesta,
452 729 539 774 ovem
563 708 639 792 lupb
663 707 862 789 commisisti,
892 707 1070 789 dispudet.“
1118 706 1221 785 Quam
1242 704 1307 768 lec·

129 817 251 880 tionem
273 835 346 880 eum
367 815 556 880 Dniatzkone
580 816 611 879 et
632 814 757 879 Klotzio
782 813 852 897 (cfr.
871 812 1060 895 Grundndge
1076 814 1134 876 ete.
1150 810 1305 894 pagabd)

132 940 255 987 servare
278 940 333 1004 ego
357 941 420 986 non
447 921 567 986 dubito.
614 919 834 985 Fleckeisenus
869 921 902 984 et
935 917 1204 1001 Umpfenbachius
1232 935 1306 980 con-

130 1025 254 1091 iectura
277 1027 444 1110 utuntur);
469 1065 511 1073 —

237 1132 350 1197 modi:
379 1133 475 1197 Haut.
506 1133 580 1198 812.
622 1131 730 1215 (Hune
754 1149 879 1195 versum
901 1129 1042 1195 Terentii
1065 1128 1198 1194 editores
1221 1127 1305 1191 reete

129 1255 181 1302 me
202 1237 308 1303 iudico
330 1236 377 1302 ita
399 1237 590 1302 metiuntur:
629 1237 753 1318 „Huists
776 1236 862 1301 modi
896 1235 979 1300 mihi
1001 1254 1050 1300 res
1074 1253 1197 1317 semper
1220 1252 1305 1297 com-

129 1342 326 1407 miniscere.“
373 1343 498 1407 Klotzio
537 1342 608 1426 (eir.
646 1361 716 1425 pag.
753 1341 812 1424 59)
850 1341 978 1406 videtur
1014 1338 1216 1424 praeferenda
1239 1357 1306 1404 esse

129 1447 206 1511 haec
229 1466 388 1512 mensura:

240 1553 363 1634 „Huius
387 1552 472 1618 modi
495 1553 579 1622 mihi
602 1572 652 1618 res
676 1553 797 1635 semper
824 1552 1088 1618 comminiscere.“

237 1658 350 1724 Virum
388 1658 483 1722 illum
520 1659 649 1724 doctum
677 1658 808 1724 offendit
831 1677 889 1723 vox
911 1657 1047 1722 iambica
1071 1658 1213 1739 correpta
1237 1655 1304 1721 sine

128 1765 196 1830 ictu
211 1764 392 1848 rhythmico
409 1764 572 1852 („modi“)
588 1765 623 1828 in
639 1766 774 1830 seeundo
790 1784 898 1830 versus
909 1763 1039 1829 iambici
1049 1763 1127 1846 pede
1142 1763 1302 1828 collocata

128 1868 255 1933 Iudicat
277 1869 363 1933 enim
384 1869 463 1934 talia
485 1871 637 1934 vocabula
654 1909 694 1935 2-
711 1870 872 1935 nonnullis
896 1851 1033 1952 exceptis
1050 1868 1306 1933 —admittenda

129 1993 192 2038 non
216 1993 291 2056 esse,
316 1973 380 2038 nisi
395 1973 521 2039 sedibus
537 1975 712 2058 imparibus
728 1994 877 2041 versuum
891 1975 1099 2040 iambicorum
1122 1975 1153 2039 et
1176 1973 1303 2038 sedibus

128 2077 257 2159 paribus
281 2079 521 2145 trochaicomm.

236 2184 337 2263 Quare
360 2205 416 2269 ego
439 2186 564 2251 Klotzio
587 2187 622 2250 in
644 2186 703 2250 hac
726 2206 759 2250 re
782 2206 845 2251 non
868 2186 1052 2269 adstipuler‚
1076 2185 1110 2250 in
1133 2185 1195 2250 fine
1218 2203 1303 2249 com-

128 2289 332 2354 mentationis
355 2290 457 2356 fusius
481 2310 641 2374 erponem.

412 2448 449 2532 b)
473 2448 518 2513 in
541 2449 793 2531 septenario
815 2448 1016 2514 iambico:

239 2589 273 2671 1)
298 2580 475 2673 exemplum
497 2609 559 2655 non
582 2590 752 2655 invenitur.

237 2693 273 2776 2)
297 2693 417 2758 bomo:
456 2694 531 2758 Hee.
571 2695 636 2760 828
677 2694 726 2778 (in
763 2693 856 2760 initio
891 2695 1030 2776 versus);
1061 2731 1103 2741 -
1130 2695 1210 2760 Eun.
1236 2698 1299 2762 261

129 2798 216 2881 (post
255 2798 422 2862 diaeresim
444 2799 475 2863 h.
501 2819 526 2864 e.
562 2800 597 2864 in
634 2799 727 2864 initio
766 2801 920 2865 secundae
957 2819 1066 2865 versus
1103 2800 1233 2885 partis);
1259 2839 1300 2850 -

128 2903 223 2966 seni:
247 2903 342 2968 Haut.
371 2905 456 2969 1002
480 2906 567 2988 (post
590 2905 786 2989 diaeresim);
809 2944 850 2952 -
874 2906 961 2970 viri:
984 2907 1112 2971 Phorm.
1134 2907 1196 2972 787
1214 2908 1302 2991 (post

127 3005 316 3092 diaeresim).

334 3227 336 3229 ¹
396 3152 428 3234 c)
451 3151 494 3215 in
518 3152 767 3234 septenario
791 3152 1031 3217 trochaico:

236 3284 269 3366 l)
296 3282 397 3367 [boniz
436 3283 561 3348 Phorm.
603 3286 677 3349 516.
725 3286 809 3349 Haeo
847 3303 905 3350 vox
942 3285 977 3349 in
1004 3283 1109 3350 codice
1136 3285 1299 3368 Bembina

124 3407 219 3474 quem
242 3389 374 3471 plurimi
401 3389 535 3455 editores
564 3391 664 3455 secuti
693 3392 776 3472 sunt,
802 3391 920 3474 scripta
942 3392 989 3456 est
1012 3393 1044 3456 et
1066 3391 1149 3456 recte
1173 3391 1300 3474 quidem

124 3513 193 3559 meo
216 3494 344 3559 iudicio.
392 3496 506 3560 Omnes
523 3495 580 3560 alii
595 3495 672 3560 libri
687 3495 856 3561 lectionem
881 3498 998 3577 „bene“
1023 3497 1188 3579 praebent,
1206 3516 1300 3580 quam

124 3598 287 3662 Bentleius
310 3601 463 3681 probavit.
512 3601 572 3665 Hic
596 3601 683 3665 loeus
708 3601 818 3684 igitur,
843 3621 915 3666 cum
930 3604 1058 3685 propter
1075 3602 1219 3666 codicum
1234 3602 1298 3666 dis-

124 3702 319 3785 crepantiam
342 3703 541 3770 dubitatione
564 3726 627 3771 non
650 3709 762 3788 careat
787 3707 878 3771 nobis
901 3706 1116 3790 respiciendus
1139 3727 1202 3771 non
1225 3707 1297 3793 est]

123 3808 243 3874 domo:
266 3808 355 3873 Adel.
384 3811 460 3891 1983
486 3849 527 3858 -
550 3812 669 3878 homo:
693 3813 768 3878 Hoc.
794 3813 869 3878 459.

231 3914 267 3997 2)
290 3913 426 3979 Nullum
448 3916 625 3999 exemplum
648 3920 757 3983 exstat.

417 4073 454 4157 d)
477 4074 521 4138 in
544 4076 771 4141 octonario
794 4076 994 4142 iambico:

234 4187 266 4272 l)
290 4187 409 4254 horno:
448 4189 524 4253 Hec.
550 4190 629 4272 8613
655 4227 698 4238 -
721 4190 811 4255 levi:
835 4191 910 4256 Hoc.
936 4192 1016 4274 312;
1056 4192 1234 4276 (Bentleius
1257 4193 1298 4257 ad

119 4292 205 4357 hunc
239 4293 344 4358 locum
378 4292 522 4359 adnotat:
561 4345 576 4376 „
594 4293 710 4376 „Levi“
735 4295 789 4360 hie
811 4296 1050 4379 monosyllabon
1073 4300 1133 4380 est,
1158 4300 1196 4364 ut
1218 4299 1301 4364 alibi

1113 4405 1134 4468 2
