3078 4906
582 310 802 374 ..45-

210 507 277 571 Vox
300 504 498 589 anapaestiea
521 524 594 569 sane
617 503 676 569 teli
699 503 820 568 ratione
844 503 946 567 deleta
968 505 1025 584 est,
1050 503 1106 567 sed
1123 502 1283 586 inprime

51 604 67 629 ‘¹
101 631 211 678 versus
245 611 324 695 pede
346 629 494 675 mensura
517 610 679 691 statuitur,
716 629 794 692 quae
816 628 886 674 mee
910 609 1038 692 quidem
1060 609 1180 673 iudicio
1202 607 1280 672 ferri

102 739 165 784 nou
188 717 310 801 potest.
357 715 576 780 Fleckeisenus
607 715 691 779 enim
713 734 840 780 versum
864 715 909 780 sie
931 715 1039 780 metiri
1062 716 1188 779 coaetus
1211 716 1260 779 est
1269 734 1283 778 ε.

214 817 337 905 ἦΜ1111,
361 825 456 886 mane
478 821 618 904 inquam.
665 797 733 904 ligo
756 840 807 884 me
829 820 903 885 ndvi
926 821 1005 885 ete.“

214 927 394 1011 „Correptio
418 926 563 992 vocabuli
589 929 718 1007 „mane“
738 945 793 1008 per
809 946 841 990 se
857 925 985 1010 quidem
1000 926 1082 990 nihil
1098 925 1282 990 offensionis

104 1035 209 1116 habet,
234 1034 290 1098 sed
312 1053 349 1098 ea
371 1035 498 1097 tantum
521 1032 702 1097 condicione
725 1032 899 1116 probabilis
923 1034 980 1114 est,
1005 1035 1043 1097 ut
1066 1033 1188 1116 syllaba
1209 1052 1280 1097 eor-

104 1142 195 1224 repta
217 1139 348 1204 alteram
370 1140 493 1222 partem
528 1137 644 1203 efficiat
667 1140 722 1202 aut
745 1138 934 1220 dissyllabae
957 1138 1056 1203 thesis
1080 1141 1136 1203 aut
1159 1139 1282 1203 solutae

105 1247 193 1312 arsis.
240 1247 411 1329 Nunquam
435 1245 541 1309 autem
563 1244 598 1308 in
620 1244 724 1326 priore
748 1244 868 1308 solutae
892 1243 970 1309 arsis
994 1246 1083 1327 parte
1098 1244 1175 1308 haee
1190 1264 1280 1309 men-

106 1371 179 1417 sura
194 1352 322 1417 ferenda
338 1353 394 1415 est.
413 1389 455 1398 —
471 1351 616 1429 Fortasse
631 1347 861 1430 Fleckeisenus,
886 1350 924 1413 ut
938 1349 1128 1414 vocabulum
1146 1353 1279 1432 „mane“

104 1459 154 1523 bis
177 1460 316 1539 poneret,
341 1457 437 1521 etiam
460 1475 496 1520 ea
518 1475 551 1519 re
574 1456 734 1536 permotus
752 1457 807 1536 est,
833 1454 917 1539 quod
932 1475 1117 1537 persuasum
1132 1456 1278 1538 habebat
1352 1505 1353 1508 ,

105 1563 170 1627 dici
192 1582 255 1627 non
277 1578 367 1645 posse
394 1561 545 1644 „(mane),
581 1560 743 1643 iuquam“,
768 1560 832 1624 uisi
858 1560 1065 1643 imperativus
1100 1562 1189 1626 verbi
1211 1581 1282 1628 ma-

105 1668 202 1734 nendi
224 1669 288 1733 iam
311 1667 483 1751 praeiisset.
532 1666 594 1731 Sed
616 1668 711 1731 verba
730 1665 817 1748 „Quo
833 1666 957 1748 abis?“,
982 1679 1061 1751 quae
1076 1668 1277 1750 praecedunt,

105 1773 255 1839 hocloco
280 1773 370 1856 quasi
392 1771 574 1855 imperativi
597 1772 663 1836 vim
685 1772 804 1836 habent
834 1772 980 1856 idemque
1007 1772 1071 1836 fere
1099 1773 1283 1856 significant

106 1901 141 1945 ae
177 1899 235 1944 vox
272 1881 413 1961 „mane“.
439 1917 481 1925 —
505 1879 576 1941 Mea
610 1877 738 1960 quidem
773 1877 930 1943 sententia
964 1877 1121 1961 scriptura
1157 1877 1279 1961 „Mane

105 2005 197 2051 mane
219 1985 368 2069 inquam“
405 1985 585 2049 coniectura
607 1983 755 2068 Calliopii
790 1986 846 2065 est,
882 1984 938 2069 qui
961 1984 1170 2067 enuntiatum,
1196 1985 1281 2068 quod

105 2092 274 2175 praeeedit,
309 2111 373 2156 non
396 2091 472 2156 satis
495 2090 638 2174 respexit.
697 2091 764 2174 Ego
786 2090 889 2173 igitur
912 2110 984 2155 eum
1007 2090 1155 2173 plurimis
1178 2091 1282 2156 edito·

105 2199 195 2263 ribus
229 2199 421 2281 scripturam
446 2199 567 2280 „Mane
597 2197 747 2281 inquam“
773 2197 945 2280 genuinam
968 2216 1034 2261 esse
1058 2197 1212 2282 eense0.];
1237 2229 1280 2245 -ι

104 2305 205 2368 iube:
230 2305 310 2369 Eun.
336 2307 415 2385 836;
453 2341 495 2350 —
529 2302 626 2368 tace:
650 2304 731 2367 Eun.
757 2305 836 2384 8343
871 2301 967 2367 vale:
991 2303 1071 2368 Eun.
1100 2303 1281 2385 19031100.

112 2412 186 2492 1973
211 2449 253 2457 —
277 2409 372 2474 dari:
395 2405 492 2475 Haut.
518 2411 598 2491 847;
623 2445 665 2456 -
682 2408 782 2473 dedi:
806 2409 902 2473 Haut.
927 2409 1007 2490 4563
1031 2409 1281 2492 Phorm.1039;

107 2555 149 2564 -
172 2517 280 2581 mori:
303 2516 384 2580 Eun.
412 2518 468 2597 663
494 2553 536 2562 -
559 2516 654 2599 pati:
678 2515 759 2579 Eun.
785 2516 843 2597 523
868 2553 910 2562 -

215 2623 244 2686 2.
269 2640 364 2685 amo:
387 2621 467 2684 Eun.
497 2622 574 2701 1863
610 2621 706 2685 Haut.
733 2621 812 2702 3603
838 2657 880 2667 -
905 2639 984 2685 ero:
1011 2619 1107 2686 Haut.
1133 2623 1213 2704 8723
1238 2658 1282 2670 -

107 2728 214 2792 habe:
237 2727 363 2792 Phorm.
389 2727 469 2808 4353
495 2765 537 2774 -

389 2903 426 2986 b)
451 2903 494 2966 in
518 2903 768 2986 septenario
791 2902 996 2967 iambico:

218 3047 245 3109 1.
270 3047 372 3128 part:
408 3044 504 3108 Haut.
534 3045 631 3125 10023
668 3081 710 3090 —
733 3043 831 3124 v0163
867 3044 964 3108 Andr.
992 3047 1070 3126 7003
1094 3045 1174 3110 111111.
1200 3049 1281 3129 614;

108 3151 183 3214 abl:
207 3150 332 3216 Phorm.
360 3153 438 3232 7773
464 3187 506 3197 -
529 3148 648 3213 mand:
684 3147 779 3213 Haut.
808 3150 985 3231 73631100.
1013 3152 1091 3232 7453
1117 3191 1158 3199 —
1182 3151 1281 3217 vide:

108 3255 234 3321 Phorm.
273 3257 350 3337 7623
387 3256 518 3340 (Omnia
551 3255 627 3320 haee
661 3255 814 3319 voeabula
843 3256 914 3319 aute
938 3255 1104 3321 diaeresim
1131 3258 1285 3324 collocata

109 3381 123 3425 s
168 3363 212 3425 t·
239 3401 280 3409 —
903 3387 908 3394 ·

94 3453 96 3458 ¹
124 3381 168 3426 un
183 3363 246 3532 )’2.
271 3436 459 3552 Exemplum
482 3487 545 3532 non
567 3469 676 3532 exstat.

370 3643 401 3726 c)
425 3643 469 3707 in
492 3645 747 3727 septenario
771 3647 1015 3711 trochaico:

220 3783 248 3846 1.
274 3784 367 3846 amd:
391 3783 480 3849 Adel.
509 3788 586 3868 7013
612 3825 655 3834 -—
679 3789 770 3851 emt:
794 3785 891 3852 Haut.
912 3789 991 3869 6113
1017 3789 1283 3872 -pa162Hum

110 3890 189 3971 2493
215 3921 257 3936 -·
281 3889 377 3956 velt:
414 3889 525 3975 [Haut.
553 3895 647 3958 1027.
672 3893 774 3958 Locus
804 3914 868 3958 non
889 3913 1017 3978 prorsus
1041 3894 1159 3980 certus]
1184 3895 1285 3960 Haut.

112 3995 212 4077 10653
237 3997 313 4060 Hee.
339 3998 419 4079 3963
454 3997 545 4062 Adel.
571 3999 651 4081 5553
676 4037 718 4047 -
742 3998 862 4064 mane:
890 4001 988 4085 Haut.
1013 4003 1092 4083 6133
1117 4039 1159 4048 -
1182 4000 1285 4066 vide:

109 4100 205 4166 Haut.
231 4103 311 4184 600;
336 4142 378 4150 -

218 4210 248 4274 2.
273 4209 348 4274 abi:
373 4209 543 4294 11005573
569 4243 611 4260 ⁸-
