3078 4906
743 337 964 402 ..68-

263 530 418 614 pensabat
440 550 485 613 eo,
510 531 594 614 quod
617 530 651 595 in
674 531 826 596 vocabulo
850 531 987 596 iambico
1010 530 1246 596 festinationem
1270 528 1426 594 adhibebat

263 654 474 718 approperans
498 636 537 701 ad
571 637 745 720 proximam
780 636 935 720 syllabam
957 636 1026 701 ictu
1047 635 1225 719 praeditam
1248 637 1280 699 et
1301 635 1346 699 ita
1366 633 1428 717 qui-

263 739 344 822 dem,
380 743 418 806 ut
451 743 706 808 terminationem
752 740 838 808 vocis
882 742 1037 807 iambicae
1079 741 1259 824 corriperet
1306 740 1427 804 Maxime

262 848 430 930 perspicua
467 849 544 914 haec
583 869 632 914 res
669 850 704 914 in
743 850 846 932 primo
870 868 979 914 versus
1002 848 1081 931 pede
1106 851 1167 930 est,
1208 848 1268 912 ubi
1289 845 1427 929 temporis

261 953 385 1019 iactura
407 955 470 1020 fine
493 955 663 1038 superioris
699 975 808 1021 versus
843 955 928 1020 fecta
961 954 1125 1019 sarcienda
1147 956 1223 1019 erat.
1272 954 1314 1017 Et
1334 953 1429 1016 revera

262 1059 310 1123 ibi
340 1059 432 1143 longe
454 1061 611 1144 plurimae
634 1061 753 1126 formae
776 1062 935 1144 correptae
958 1059 1026 1124 sinc
1048 1059 1116 1124 ictu
1150 1059 1332 1142 rhythmico
1352 1057 1427 1121 inve·

262 1164 404 1229 niuntur.
431 1204 473 1212 -
496 1166 581 1248 Loci,
607 1166 723 1250 quibus
739 1169 812 1231 ante
827 1166 981 1231 vocabula
1002 1165 1099 1230 huius
1122 1165 1247 1248 generis
1271 1183 1355 1229 mora
1376 1181 1429 1226 non

261 1269 309 1351 fit,
335 1269 504 1336 admodum
529 1272 593 1336 rari
616 1274 699 1336 sunt.

369 1376 408 1441 In
446 1377 509 1442 fine
546 1377 646 1454 totius
692 1377 965 1443 commentationis
1003 1396 1171 1442 numerum
1216 1376 1429 1444 vocabulorum

261 1481 479 1565 iambieorum,
517 1503 595 1567 quae
629 1484 714 1566 apud
752 1483 936 1548 Terentium
970 1482 1073 1566 reperi
1107 1503 1179 1548 cum
1215 1483 1428 1564 correptorum,

261 1589 333 1652 tum
355 1607 419 1652 non
442 1591 660 1671 correptorum
683 1608 756 1653 cum
790 1607 825 1652 eo
858 1608 1038 1672 comparare
1060 1588 1142 1652 milri
1163 1588 1326 1672 proposui7
1349 1604 1427 1670 quem

261 1693 519 1777 Leppcrmannus
553 1695 588 1759 in
620 1695 729 1760 Plauti
762 1693 929 1759 comoediis
952 1694 1090 1776 invenit,
1121 1693 1259 1776 scilicet,
1298 1695 1336 1758 ut
1366 1710 1429 1774 cog·

260 1802 427 1882 noscatur,
477 1803 550 1866 uter
587 1803 680 1884 poeta
717 1801 834 1865 maiore
872 1819 949 1866 usus
988 1801 1031 1865 sit
1069 1800 1245 1866 severitate.
1308 1795 1428 1863 Etiamsi

260 1905 519 1988 Leppermannus
555 1906 693 1973 senarios
739 1909 832 1990 atque
871 1907 1063 1989 septenarios
1102 1907 1184 1971 solos
1222 1902 1427 1990 perlustravit

260 2013 369 2076 tamen
407 2031 474 2076 rem
511 2032 568 2095 pro
612 2015 696 2077 certo
735 2011 903 2076 diiudicari
944 2032 1035 2094 posse
1068 2012 1225 2095 existimo,
1264 2030 1337 2076 cum
1369 2005 1429 2072 ani-

260 2116 494 2200 madverterim,
534 2118 569 2181 in
610 2118 793 2204 nniversam
822 2117 946 2183 eosdem
985 2117 1190 2200 correptionis
1213 2117 1294 2182 fines
1318 2112 1427 2180 essein

261 2221 417 2304 quinariis
442 2226 474 2287 et
497 2223 676 2307 octonariis,
714 2226 808 2307 atque
831 2222 866 2288 in
890 2223 1020 2288 senariis
1044 2224 1075 2288 et
1100 2223 1297 2306 septenariis.
1342 2215 1427 2285 Pauci

258 2345 368 2392 versus
393 2328 555 2394 bacchiaei
578 2331 609 2394 et
633 2330 751 2412 cretici,
788 2330 823 2393 in
857 2348 933 2412 quos
957 2329 1057 2393 incidi
1091 2329 1126 2393 in
1148 2329 1281 2410 Andria,
1319 2324 1428 2391 nullius
1495 2329 1496 2421 t

258 2431 323 2497 fere
346 2435 499 2499 momenti
522 2437 605 2500 sunt.
981 2448 983 2454 '

368 2538 452 2605 Satis
474 2540 596 2606 habebo
619 2540 654 2604 in
677 2541 735 2604 hac
758 2559 801 2621 re,
826 2540 977 2606 tabellam
1000 2541 1143 2606 omniurn
1166 2540 1339 2606 formarum
1360 2552 1426 2600 con·

258 2643 360 2710 licere.
682 2658 685 2663 ·
1391 2687 1394 2695 -
