3078 4906
583 837 817 992 Vita.

221 1277 321 1342 Natus
346 1297 417 1341 sum
439 1276 587 1360 Aleysius
611 1279 743 1342 Beemer
766 1277 1052 1357 Immiohenhainii,
1077 1277 1110 1342 in
1127 1277 1196 1342 vieo
1219 1299 1292 1361 pre·

113 1384 237 1448 vinciae
271 1384 567 1464 Hasso-Nassoriae,
608 1383 690 1467 prid.
720 1385 791 1450 Kal.
827 1384 908 1468 Aug.
943 1384 1019 1449 anni
1053 1385 1149 1449 huius
1174 1386 1292 1450 saeculi

106 1491 244 1555 LXVIII
279 1491 368 1573 patre
406 1489 545 1573 Aleysi0‚
578 1492 678 1556 matre
712 1491 862 1556 Therasia
897 1493 1029 1574 egente
1053 1491 1181 1572 Becker,
1213 1511 1290 1575 quos

111 1597 245 1678 integris
274 1596 377 1661 adhue
411 1596 532 1661 viribus
568 1597 618 1662 uti
641 1597 731 1661 valde
754 1597 883 1680 gaudeo.
932 1597 1043 1662 Iidem
1066 1598 1216 1680 profiteor
1239 1618 1290 1662 ea-

109 1703 269 1768 tholieam.
316 1703 513 1768 Litterarum
547 1703 710 1769 elementis
747 1704 888 1768 imbutus
912 1723 970 1787 per
993 1723 1094 1768 unum
1117 1723 1234 1775 annum
1259 1707 1292 1769 et

105 1829 162 1874 ser
197 1829 319 1875 menses
358 1809 556 1894 frequentavi
595 1810 779 1875 Menasterii
818 1811 972 1891 scholam,
1013 1831 1107 1895 quam
1142 1811 1290 1876 dicebant

113 1915 354 1996 „Realsehule.“
398 1919 481 1983 Tum
504 1938 560 2000 per
584 1919 705 2000 septem
728 1937 825 1983 annes
849 1919 1007 2001 gymnasii
1030 1918 1289 1984 Menasteriensis

105 2022 283 2106 diseIpulus
318 2024 374 2105 fui,
411 2025 495 2107 qued
525 2045 595 2089 vere
619 2044 645 2088 1.
671 2024 702 2088 h.
728 2044 752 2089 s.
776 2024 953 2089 LXXXVII
988 2025 1169 2090 testimonie
1205 2025 1289 2108 quod

106 2132 221 2194 vocant
253 2131 447 2196 maturitatis
486 2130 663 2196 instructus
697 2130 822 2215 reliqui,
881 2131 1033 2197 Eiusdem
1071 2131 1147 2196 111111
1180 2151 1288 2196 mense

104 2235 213 2318 Aprili
235 2236 270 2301 in
304 2257 471 2302 numerum
507 2237 626 2302 civium
650 2239 750 2302 almae
773 2237 953 2302 litterarum
977 2227 1152 2302 academiae
1176 2239 1286 2302 Mena-

100 2341 266 2409 steriensis
289 2346 434 2427 receptus
459 2364 515 2427 per
547 2344 644 2409 octies
680 2364 768 2408 senes
804 2364 926 2408 menses
963 2343 1079 2409 studiis
1114 2343 1287 2427 philologi-

100 2449 151 2512 eis
183 2469 310 2533 operam
333 2450 414 2514 dedi.
462 2449 590 2514 Schelas
614 2450 811 2534 frequentavi
849 2451 884 2515 V.
911 2452 947 2515 V.
980 2451 1018 2516 D.
1043 2451 1081 2516 D.
1120 2450 1283 2533 Langen,

104 2555 225 2636 Stahl,
282 2557 512 2640 Hagemann‚
572 2552 720 2638 Storolr,
758 2556 964 2638 ¹Niehues,
1023 2556 1283 2622 Milehheefer.

102 2661 245 2750 Langeni
268 2665 300 2727 et
324 2662 440 2728 Stahlii
463 2663 588 2746 egregia
612 2683 686 2746 erga
708 2683 757 2728 me
782 2662 1142 2728 benevolentiafaetum
1165 2665 1222 2745 est,
1249 2667 1285 2729 ut

102 2767 138 2832 in
172 2768 377 2833 seminarium
410 2769 533 2852 regium
568 2769 797 2852 philologieum
836 2768 999 2852 reciperer,
1042 2769 1132 2858 cuins
1168 2770 1284 2835 sodalis

94 2873 283 2938 -ordinarius
308 2875 437 2956 perbis
462 2894 551 2939 senes
575 2895 696 2940 menses
720 2875 776 2939 fui.
989 2957 991 2959 Ι

211 2980 365 3046 Omnibus
390 2981 477 3061 viris,
507 2981 563 3064 qui
585 3001 636 3045 me
659 2982 843 3063 decuerunt,
877 2982 995 3066 gratias
1019 3001 1076 3065 ago
1100 3002 1136 3046 ae
1161 3002 1284 3065 semper

99 3085 225 3150 habebo
249 3085 409 3166 maximae,
430 3085 604 3168 singulares
628 3090 700 3152 vere
724 3088 870 3171 Langene
894 3089 926 3152 et
941 3087 1072 3169 Stahlie,
1097 3087 1155 3171 qui
1170 3088 1282 3153 eximie

99 3191 211 3257 meriti
233 3194 308 3256 sunt
331 3192 369 3256 de
393 3212 451 3258 me.
