3078 4906
640 323 861 386 ...13-

271 517 309 580 In
331 515 498 598 particulis
520 515 606 586 hunc
629 514 771 580 ordinem
795 533 916 598 sequar,
940 516 978 579 nt
1001 513 1208 579 considerem:

213 603 214 606 ¹
264 603 266 609 ¹
324 622 361 686 Α.
386 641 476 686 voces
499 621 650 686 iambicas
673 620 708 685 in
730 621 869 686 vocalem
892 622 1047 686 exeuntes.

324 729 360 791 B·
433 778 448 808 n
562 777 577 808 a
690 777 706 808 n
757 728 830 807 „ae“
948 775 963 807 a

325 833 357 898 O·
432 883 447 914 a
560 883 575 914 a
690 883 706 913 n
768 834 822 913 aas«

223 958 226 962 ·
323 939 385 1024 D„
434 989 449 1020 „
523 938 617 1020 „ubi“
643 940 675 1003 et
701 937 798 1020 „ibi“.

271 1044 416 1110 Ceterum
444 1045 597 1129 excipiam
619 1045 652 1110 in
689 1043 824 1128 singulis
859 1043 909 1108 his
932 1044 1077 1126 partibus
1100 1063 1151 1109 eas
1175 1064 1280 1126 voees,
1304 1044 1343 1109 in

164 1149 279 1233 quibus
318 1150 398 1215 duae
435 1151 557 1216 vocales
596 1170 628 1216 se
667 1149 864 1234 contingunt.
911 1150 959 1215 De
996 1150 1047 1214 his
1069 1150 1105 1214 in
1143 1150 1206 1214 fine
1228 1150 1346 1215 unius*

163 1255 316 1340 cuiusque
338 1257 452 1341 capitis
474 1257 628 1340 generalis
652 1256 821 1340 separatim
844 1276 992 1341 quaerere
1014 1257 1095 1321 mihi
1110 1257 1143 1320 in
1161 1257 1265 1321 auimo
1281 1257 1338 1321 est.

270 1362 309 1426 ln
332 1363 479 1426 omnibus
501 1363 726 1428 vocabulorum
748 1362 915 1446 generibus
938 1363 1042 1446 priore
1064 1363 1131 1428 loco
1154 1381 1343 1446 componam

163 1467 279 1531 formas
302 1487 364 1532 non
387 1470 555 1552 correptas,
580 1463 750 1552 posteriore
774 1471 931 1551 correptas
954 1469 1114 1548 uariorum
1136 1487 1340 1535 numerorum

164 1571 367 1637 distinctione
397 1573 432 1638 in
459 1574 602 1658 utrisque
629 1574 719 1640 facta.
766 1574 843 1638 lllas
871 1593 981 1662 rursus
1005 1574 1201 1658 distinguam
1223 1576 1271 1640 in:

326 1682 353 1745 1.
378 1681 532 1745 vocabula
565 1699 638 1745 cum
664 1681 733 1745 ictu
753 1663 935 1763 rhythmico
958 1680 993 1745 in
1013 1681 1184 1763 posteriore
1208 1682 1339 1765 syllaba,

325 1788 354 1849 2.
380 1786 532 1850 vocabula
555 1786 622 1850 sine
644 1785 711 1850 ictu
734 1785 923 1868 rhythmico.

273 1891 372 1954 Voces
396 1892 552 1973 correptas
577 1891 741 1974 disponam
764 1889 812 1955 in:

328 1999 354 2060 1.
378 1997 531 2061 vocabula
553 2017 626 2062 cum
647 1997 715 2062 ictu
738 1997 917 2080 rhythmico
940 1997 975 2062 in
998 1998 1101 2081 priore
1125 1998 1256 2082 syllaba,

325 2103 354 2166 2.
380 2103 532 2167 vocabula
555 2103 622 2167 sine
644 2103 712 2168 ictu
735 2103 925 2187 rhythmico.
1021 2089 1024 2094 ¹

269 2207 323 2289 Ea,
364 2227 442 2292 quae
480 2208 664 2274 efficiuntur
686 2228 723 2273 ex
745 2209 880 2292 singulis
903 2209 1057 2292 partibus,
1097 2210 1132 2274 iri
1155 2209 1218 2274 fine
1240 2209 1343 2275 totius

163 2313 436 2379 commentationis
460 2314 599 2380 breviter
621 2315 883 2398 comprehendere
899 2314 1041 2397 studebo,
1066 2318 1104 2381 ut
1118 2315 1340 2400 perspiciatur,

164 2437 241 2503 quos
264 2419 469 2504 correptionis
492 2420 571 2485 fines
593 2420 628 2486 in
651 2421 835 2486 universum
857 2421 1023 2487 Terentius
1048 2422 1111 2487 sibi
1127 2421 1339 2487 constituerit.

163 2523 209 2589 Eo
232 2525 299 2590 loco
323 2526 420 2591 ctiam
442 2527 477 2591 in
512 2526 716 2610 correptionis
746 2528 894 2592 naturam
915 2529 1009 2611 paulo
1033 2527 1210 2594 accuratius
1233 2527 1342 2612 inqui-

143 2645 232 2696 ·rere
254 2631 336 2696 mihi
358 2633 516 2716 proposui.
562 2633 725 2698 Postremo
752 2632 894 2698 Terentii
927 2633 1187 2699 consuetudinem
1213 2634 1248 2698 iu
1271 2653 1342 2699 cor·

163 2735 316 2818 ripiendis
339 2737 501 2802 vocabulis
529 2757 603 2804 cum
626 2757 662 2802 ea
684 2739 879 2820 comparabo,
898 2757 961 2822 qua
981 2738 1134 2804 Plautum
1156 2757 1250 2804 usum
1273 2759 1342 2806 esse

163 2841 395 2926 Leppermanni
429 2845 555 2928 egregia
581 2864 674 2927 opera
701 2845 902 2910 observatum
925 2847 981 2910 est.
1028 2845 1175 2911 Ceterum
1198 2864 1254 2928 ego
1277 2866 1341 2911 non

164 2948 268 3015 solum
298 2950 433 3015 senarios
472 2953 503 3016 et
542 2951 733 3034 septenarios
767 2951 977 3034 perlustrabo,
1018 2952 1073 3016 sed
1100 2970 1207 3016 omnes
1230 2971 1341 3018 versus

163 3055 375 3123 Terentianos.

269 3162 460 3248 Priusquam
493 3167 599 3230 autem
632 3165 669 3230 ed
701 3184 770 3230 rem
791 3164 958 3249 aggrediar
979 3165 1181 3249 exemplaque
1204 3165 1340 3232 vocabu-

163 3268 267 3333 lorum
289 3271 403 3334 natura
424 3271 641 3353 iambicomm,
681 3291 755 3336 cum
777 3291 840 3336 uon
863 3274 1087 3355 correptorum,
1122 3274 1193 3337 tum
1216 3290 1341 3354 correp-

163 3374 283 3456 torum,
308 3376 445 3459 afferam,
470 3377 582 3459 dicam,
618 3395 669 3442 me
693 3396 743 3442 eos
766 3379 893 3442 tantum
915 3378 999 3443 locos
1022 3379 1239 3460 respecturum
1262 3396 1338 3460 esse,

163 3479 219 3564 qui
241 3500 370 3563 prorsus
404 3483 483 3548 certi
517 3483 590 3548 sint.
637 3483 702 3548 Ubi
735 3483 837 3566 igitur
868 3484 961 3548 lectio
985 3503 1022 3548 ex
1043 3483 1199 3549 libromm
1222 3484 1340 3550 discre-

162 3587 272 3669 pantia
294 3586 491 3653 dubitatione
524 3607 588 3652 non
610 3590 696 3653 caret
729 3588 780 3653 vel
802 3591 934 3672 propter
954 3589 1093 3673 aliquam
1115 3607 1241 3654 causam
1264 3589 1341 3654 ferri

162 3711 226 3757 nou
247 3694 360 3775 potest,
384 3694 490 3759 locum
522 3693 612 3758 uncis
645 3694 808 3759 includam
840 3714 941 3779 neque
974 3695 1074 3760 ullam
1095 3695 1250 3760 rationem
1272 3695 1342 3760 eius

162 3798 283 3864 habebo
306 3799 341 3862 in
364 3799 584 3882 computandis
608 3800 765 3884 exemplis.
812 3801 894 3866 Nam
917 3801 981 3865 nisi
1013 3801 1072 3866 hac
1096 3801 1261 3866 severitate
1284 3800 1340 3866 ad-

163 3905 266 3970 hibita
288 3925 355 3970 rem
378 3908 519 3971 nostram
542 3908 626 3972 certo
650 3907 822 3971 diiudicari
844 3927 908 3972 non
922 3926 1012 3990 posse
1027 3926 1214 3990 persuasum
1228 3906 1339 3972 habeo.

177 4081 179 4086 ,
269 4012 429 4102 Vocabula
451 4012 596 4095 iambica,
633 4031 711 4096 quae
733 4013 768 4077 in
791 4013 854 4078 fine
876 4032 1026 4078 versuum
1048 4013 1200 4078 collocata
1222 4014 1342 4096 sinte

162 4137 213 4182 me
235 4117 360 4202 neglegi
387 4120 631 4184 consentaneum
653 4121 714 4201 est,
751 4138 824 4215 cum
846 4119 881 4184 in
904 4118 1017 4184 ultimo
1041 4139 1149 4184 versus
1172 4119 1251 4202 pede
1274 4119 1342 4203 syl-

162 4225 235 4290 laba
258 4219 371 4308 anceps
395 4225 593 4292 admittatur.
