3078 4906
749 294 968 358 ,48-

378 492 409 555 2.
436 490 511 554 aui:
535 487 615 553 Eun.
642 485 721 568 7533
747 521 789 535 —
812 483 913 551 iube:
938 486 1034 550 Haut.
1062 487 1135 567 131,
1162 487 1227 550 800

433 595 525 680 (Tru
545 594 622 660 haec
645 593 786 677 exempla
807 593 842 657 in
864 593 967 676 primo
990 608 1099 656 versus
1114 591 1192 674 pede
1207 589 1432 672 inveniuntur.)

539 846 570 925 c)
594 843 636 906 in
660 841 908 925 septenario
930 840 1177 905 trochaico:

384 1041 413 1103 1.
438 1037 513 1103 tro:
536 1035 612 1102 Hec.
639 1038 718 1118 218;
744 1075 786 1084 -
810 1039 911 1120 rtgoz
935 1035 1034 1100 Andr.
1059 1038 1139 1118 3583
1164 1073 1207 1082 —

433 1144 508 1208 tbi:
533 1142 631 1207 Andr.
657 1143 736 1223 9783
760 1141 857 1207 Haut.
883 1143 962 1224 2493
986 1141 1076 1206 Adel.
1099 1145 1170 1224 167,
1188 1143 1263 1222 564,
1278 1141 1354 1224 699,
1372 1143 1436 1206 103.

432 1250 532 1314 eave:
550 1249 630 1312 Eun.
647 1249 724 1330 7993
743 1285 785 1296 -
801 1249 919 1314 mane:
936 1247 1033 1313 Haut.
1048 1250 1123 1330 613,
1138 1250 1218 1330 8903
1235 1247 1436 1327 Hecata-

435 1357 537 1438 rdga:
561 1355 636 1418 Heo.
663 1355 742 1436 5583
760 1391 802 1402 -
826 1354 923 1419 vale:
947 1354 1074 1419 Phorm.
1101 1355 1180 1436 8833
1206 1391 1248 1401 -

433 1459 532 1524 vide:
555 1458 653 1524 Andr.
680 1460 759 1541 8253
784 1460 910 1524 Phorm.
937 1460 1017 1541 5533
1042 1460 1117 1524 Hee.
1142 1462 1223 1542 4843
1245 1498 1285 1507 -

379 1567 408 1630 2.
434 1566 530 1630 volo:
566 1566 641 1630 Hee.
669 1567 733 1630 753
769 1565 865 1649 (Cum
899 1567 1088 1631 vocabulum
1116 1569 1297 1649 correptum
1334 1568 1437 1649 „vold“

277 1685 280 1693 '
377 1670 412 1736 in
449 1671 545 1737 tertio
583 1690 692 1735 versus
731 1671 808 1754 pede
842 1671 1032 1752 inveniatur,
1067 1671 1212 1736 Klotzius
1246 1673 1353 1740 locum
1385 1691 1439 1736 nou

380 1797 492 1842 sanum
526 1797 592 1842 esse
626 1777 754 1842 iudicat.
813 1777 875 1842 Sed
908 1796 958 1841 me
992 1777 1067 1842 huie
1101 1778 1169 1842 viro
1203 1777 1293 1844 docto
1324 1778 1359 1843 in
1389 1777 1440 1842 hae

378 1903 412 1948 re
435 1903 498 1948 non
521 1883 719 1966 adstipulari,
744 1882 916 1947 identidem
939 1883 1003 1947 iam
1026 1884 1298 1967 commemoravi);
1324 1923 1367 1933 -

433 2008 533 2054 eave:
569 1989 665 2053 Haut.
705 1990 786 2054 1031
825 1989 989 2072 (Vulgaris
1023 1989 1119 2053 huius
1153 2009 1262 2054 versus
1301 2007 1443 2056 mensura

486 2095 564 2159 haee
587 2097 648 2159 est:

414 2176 421 2194 1

382 2197 445 2281 „Et
468 2220 541 2265 eave
564 2200 695 2283 pesthae
720 2201 747 2264 st
770 2219 820 2264 me
844 2202 939 2282 amas,
975 2220 1116 2285 unquam
1149 2201 1234 2265 istue
1257 2200 1391 2267 verbum
1412 2216 1444 2265 ex

435 2307 468 2372 te
491 2306 647 2372 audiam.“

381 2411 440 2476 Sed
474 2413 619 2478 Kiotaius
654 2415 739 2497 (pag.
765 2413 806 2478 51
832 2415 864 2478 et
887 2413 953 2495 58),
990 2413 1107 2496 quippe
1141 2431 1237 2497 quem
1259 2399 1446 2478 vocabulum

272 2517 445 2583 iambicum
479 2522 667 2603 coneptum,
702 2520 738 2584 in
760 2519 862 2603 primo
886 2536 994 2584 versus
1018 2519 1172 2584 trochaici
1193 2519 1274 2602 pede
1296 2521 1443 2603 positum,

273 2623 421 2728 offendat,
447 2625 539 2691 aliter
557 2626 695 2691 'metitur
717 2645 858 2690 versum:

383 2729 445 2813 „Et
468 2732 541 2797 cave
575 2732 707 2815 posthac
741 2733 841 2796 sime
865 2733 950 2797 amas
974 2748 1115 2815 unquam
1149 2733 1232 2797 istuc
1256 2733 1390 2798 verbum
1413 2749 1447 2795 er

434 2839 466 2902 te
489 2837 645 2901 audiam.“

385 2941 470 3021 Quae
504 2961 660 3024 mensura,
696 2943 814 3007 ideireo
849 2943 1023 3026 probabilis
1058 2962 1120 3007 nou
1155 2946 1203 3008 est
1237 2943 1448 3008 meoiudicio

274 3048 359 3132 quod
381 3034 536 3131 correptio
559 3047 704 3114 voeabuli
730 3051 854 3130 „amas“
881 3049 1042 3130 statuitur,
1068 3067 1163 3132 quam
1184 3051 1269 3113 certe
1284 3049 1449 3114 uitandam

274 3172 349 3234 esse,
375 3156 529 3236 quantum
551 3153 621 3217 fieri
636 3153 746 3236 possit,
771 3154 854 3218 infra
870 3153 1064 3237 apparebit),
1089 3192 1131 3242 ·.·
1144 3153 1244 3220 vide:
1268 3155 1349 3221 Eun.
1369 3157 1446 3236 220

159 3255 161 3260 ’
273 3259 401 3324 Phorm.
428 3262 506 3341 3463
530 3259 610 3323 Eun.
636 3262 702 3325 964
726 3260 857 3343 (Tribus
879 3261 930 3325 his
953 3260 1030 3325 loeis
1054 3280 1073 3325 a
1095 3279 1169 3325 voce
1195 3260 1305 3342 „vide“
1331 3280 1449 3326 novum

275 3365 476 3430 enuntiatum
498 3364 643 3447 incipit);
679 3364 754 3429 Hec.
782 3368 846 3431 223
883 3367 954 3450 („dt
975 3365 1047 3430 vide
1070 3385 1165 3449 quam
1187 3366 1382 3432 immerit0“.
1409 3403 1448 3414 -

275 3469 385 3536 Sermo
408 3469 467 3532 hoe
490 3470 557 3534 loeo
581 3471 768 3553 approperat
791 3471 830 3535 ad
852 3490 960 3536 rocem
987 3471 1218 3554 „immerito“);

383 3573 472 3638 Adel.
498 3577 563 3640 050
587 3576 672 3657 (post
694 3594 815 3640 moram
838 3577 1025 3660 quandam);
1051 3609 1093 3624 ⁶—

571 3786 607 3868 d)
631 3787 675 3850 in
698 3787 924 3852 octonario
948 3787 1153 3852 iambico:

386 3947 413 4008 1.
439 3943 515 4008 abi:
539 3943 637 4009 Andr.
664 3945 743 4027 2553
766 3945 847 4010 Eun.
873 3946 953 4029 221;
978 3984 1019 3994 —
1043 3946 1161 4011 mdne:
1184 3943 1274 4011 Adel.
1300 3948 1382 4029 264;

436 4046 531 4114 redi:
555 4048 645 4114 Adel.
674 4051 751 4132 1903
776 4089 818 4100 -
841 4052 936 4117 ttae:
960 4051 1050 4117 Adel.
1076 4054 1155 4134 2803
1180 4091 1222 4100 -

437 4154 536 4219 vide:
560 4155 641 4220 Eun.
667 4157 747 4238 3803
770 4157 867 4222 Haut.
892 4158 972 4239 2123
995 4158 1122 4223 Phorm.
1149 4160 1223 4240 803,
1249 4159 1329 4240 840;
1354 4195 1402 4206 -

388 4261 417 4325 2.
443 4260 518 4346 abi:
542 4261 638 4326 Haut.
664 4263 738 4342 587,
763 4264 838 4345 588,
864 4263 1043 4346 61831100.
1068 4266 1134 4330 314
