3078 4906
602 376 822 440 -6y..

232 571 303 635 Meo
325 569 444 634 iudicio
468 569 623 652 correptio
646 569 730 634 vocis
758 568 912 634 iambicae
940 569 1008 633 sine
1029 568 1098 633 ictu
1121 568 1301 651 rhythmico

122 678 159 741 in
182 666 366 741 universum
388 674 504 757 pendet
526 695 545 739 a
567 675 720 758 qualitate
748 675 906 757 proximae
930 674 1018 739 arsis.
1065 675 1181 756 Procul
1204 674 1302 738 dnbio

123 783 211 849 enim
233 803 297 848 nou
320 801 425 846 omnes
449 799 532 846 arses
555 780 590 844 in
613 800 706 845 versu
729 800 857 862 prorsus
881 780 989 845 eadem
1004 780 1037 844 vi
1052 779 1301 863 pronuntiaban-

122 891 180 954 tur
202 890 241 953 ab
265 890 378 969 actore,
403 887 457 951 sed
481 907 540 967 eas,
567 906 645 970 quae
668 887 708 951 ad
731 887 889 953 enuntiati
912 887 1101 951 sententiam
1125 885 1301 968 plurimum

123 995 273 1074 valerent,
298 1013 371 1076 pras
394 993 506 1058 ceteris
529 993 628 1057 elatas
651 1012 718 1057 esse
741 995 880 1075 apparet.
920 992 1171 1058 Consentaneum
1195 992 1301 1056 autem

123 1102 181 1181 est
214 1119 304 1165 voces
337 1101 494 1182 correptas
530 1099 598 1164 siue
632 1098 700 1164 ictu
736 1099 781 1162 eis
805 1099 1008 1182 potissimum
1031 1098 1108 1163 locis
1132 1098 1301 1162 collocatas

120 1225 200 1287 esse,
225 1205 341 1289 quibus
365 1205 488 1287 syllaba
509 1205 675 1288 praecipue
691 1204 845 1269 efferenda
861 1223 912 1270 eas
932 1205 1089 1287 sequatur.
1137 1203 1198 1268 Sed
1220 1204 1301 1268 tales

125 1310 266 1394 syllabae
283 1329 351 1400 non
375 1309 493 1374 eisdem
516 1330 639 1393 semper
661 1311 739 1374 locis
763 1311 796 1374 in
821 1330 913 1375 versu
935 1309 1152 1391 inveniuntur,
1188 1309 1302 1374 sedin

123 1433 312 1499 unaquaque
335 1414 463 1498 dipodia
486 1435 559 1480 cum
581 1414 718 1498 priorem
739 1417 810 1480 tum
832 1415 1036 1498 posteriorem
1059 1414 1155 1479 arsim
1179 1414 1302 1480 efficere

124 1523 266 1606 possunt.
315 1521 405 1601 Quod
440 1521 555 1586 attinet
585 1521 630 1585 ad
661 1521 797 1604 primam
832 1540 940 1585 versus
973 1519 1143 1603 dipodiam,
1182 1520 1302 1604 inqua

121 1628 280 1710 correptio
317 1627 573 1711 frequentissima
606 1628 663 1708 est
700 1627 734 1691 in
766 1627 909 1692 versibus
933 1626 1078 1691 iambicis
1113 1645 1187 1690 sane
1209 1617 1303 1710 longe

123 1733 272 1817 plurimis
295 1733 374 1799 locis
413 1733 509 1798 huius
547 1733 670 1822 generis
710 1733 849 1817 syllabae
888 1733 1025 1816 priorem
1060 1731 1155 1797 arsim
1178 1732 1303 1796 faciunt

127 1857 258 1922 eamque
297 1840 336 1904 ob
375 1857 500 1903 oausam
538 1839 626 1922 prior
647 1839 747 1904 thesis
771 1840 905 1904 maxime
928 1839 1075 1922 indulget
1098 1839 1299 1921 correptioni.

124 1943 187 2010 Sed
225 1944 260 2008 in
297 1944 441 2009 versibus
478 1944 648 2009 trochaicis
686 1964 735 2009 res
785 1945 878 2009 aliter
927 1964 959 2009 se
1005 1945 1108 2009 habet.
1167 1943 1206 2008 Iu
1251 1944 1302 2009 his

123 2050 318 2116 vocabulum
353 2049 663 2132 praestantissimum
697 2069 787 2133 saepe
822 2050 991 2115 secundam
1013 2050 1134 2132 primae
1158 2049 1303 2133 dipodiae

122 2155 224 2221 araim
244 2154 323 2220 lacit
346 2157 378 2220 et
399 2153 566 2237 praecipue
596 2155 723 2239 quidem
758 2156 802 2220 eis
837 2155 925 2238 locis,
962 2156 1078 2239 quibus
1113 2155 1200 2238 prior
1222 2155 1303 2222 arsis

121 2280 199 2326 uoce
222 2261 439 2344 monosyllaba
460 2259 608 2326 efficitur.
656 2260 805 2326 Conferas
829 2261 970 2344 Hecyrae
992 2280 1119 2325 versum
1143 2261 1222 2342 223;

236 2368 383 2449 „atride
407 2386 502 2451 quam
526 2367 684 2432 immerito
708 2367 871 2450 aegritrtdo
895 2367 972 2431 haec
995 2367 1041 2431 mi
1063 2367 1119 2431 abs
1134 2368 1167 2430 te
1183 2367 1303 2432 oriatur

327 2473 459 2538 =Sosia.“

125 2581 161 2644 et
176 2578 310 2660 fabulae,
328 2597 406 2661 quae
422 2578 610 2644 inscribitur
628 2579 1042 2660 „Hautontimoroumenos“
1057 2600 1183 2645 versum
1202 2582 1302 2645 1031:

238 2661 300 2767 „Et
323 2683 403 2749 eave'
431 2685 571 2768 posthac,
607 2685 634 2750 sl
655 2704 706 2749 me
735 2686 820 2750 amas
843 2705 982 2769 unquam
1006 2685 1090 2751 istuc
1113 2687 1245 2751 verbum
1268 2705 1305 2750 ex

341 2794 373 2857 te
396 2791 553 2857 audiam.“

235 2897 274 2961 In
296 2897 347 2961 his
373 2897 515 2962 versibus
540 2897 607 2962 sine
630 2897 727 2961 dubio
755 2896 891 2962 secunda
906 2897 984 2962 arsis
1007 2898 1109 2963 multo
1131 2898 1249 2964 maiore
1271 2897 1306 2963 ri

126 3001 335 3087 pronuntiata
371 3004 420 3067 est
442 3003 482 3066 ab
505 3004 620 3084 actore,
660 3021 754 3086 quarn
777 3002 896 3084 prima,
936 3022 1032 3086 eaque
1056 3003 1095 3068 de
1119 3023 1213 3068 causa
1234 3023 1304 3069 meo

126 3107 247 3172 iudicio
281 3107 332 3172 his
364 3108 441 3173 locis
477 3108 632 3190 correptio
665 3107 792 3173 sedibus
815 3108 992 3191 imparibus
1016 3108 1218 3175 offensionem
1241 3130 1306 3175 non

127 3214 233 3280 babet.
259 3214 414 3279 Similiter
436 3216 530 3299 atque
553 3214 587 3279 in
607 3214 712 3298 prima
735 3214 863 3297 dipodia
886 3215 982 3280 etiam
1004 3215 1039 3279 in
1062 3216 1174 3281 ceteris
1198 3235 1248 3282 res
1271 3236 1305 3282 se

127 3319 234 3402 habet,
260 3320 392 3406 ideoque
414 3320 503 3386 nullo
527 3321 596 3387 loco
627 3320 818 3386 vocabulum
841 3320 1014 3386 iambicum
1037 3321 1105 3386 ictu
1127 3342 1191 3386 non
1213 3340 1304 3405 prae-

126 3425 233 3491 ditum
259 3426 294 3491 iu
329 3426 542 3509 suspicionem
575 3426 752 3492 vocandum
788 3447 854 3492 esse
890 3447 1014 3508 censeo,
1045 3447 1105 3511 quo
1137 3428 1304 3511 insequens

127 3531 250 3614 syllaba
273 3532 473 3615 praecipuam
497 3533 560 3597 mm
585 3534 709 3598 habeat.
771 3617 773 3620 Ι

150 3683 153 3688 Α
238 3635 343 3699 Etiam
379 3636 468 3700 aliud
491 3638 710 3720 animadverti,
737 3637 820 3722 quod
842 3637 980 3720 pertinet
1002 3639 1042 3702 ad
1065 3638 1303 3704 collocationem

128 3741 353 3807 vocabulorum
386 3741 594 3807 iambicorum
624 3745 841 3827 correptorum
874 3743 942 3808 ictu
976 3743 1159 3809 carentium.
1212 3743 1304 3810 Tales

127 3866 219 3914 voces
242 3847 360 3931 ubique
405 3847 471 3913 fere
505 3849 561 3913 aut
581 3849 618 3913 in
656 3849 757 3932 primo
793 3849 933 3916 cuiusvis
971 3870 1079 3916 versus
1102 3850 1180 3934 pede
1205 3890 1246 3898 —
1269 3852 1305 3916 in

130 3953 315 4036 septenariis
338 3954 484 4020 iambicis
518 3956 641 4021 accedit
662 3955 785 4038 pn’mns
809 3976 864 4040 pes
887 3960 960 4040 post
982 3956 1168 4039 diaeresim,'
1183 3995 1225 4006 -
1249 3958 1306 4023 aut

128 4059 164 4124 in
186 4058 279 4123 initio
316 4060 390 4124 novi
427 4060 593 4142 enuntiati,
633 4060 801 4144 praecipue
824 4061 853 4126 si
875 4081 1025 4144 personae
1048 4065 1224 4144 mutantur,
1249 4064 1307 4127 aut

127 4165 256 4232 omnino
294 4168 366 4248 post
402 4167 579 4250 quamlibet
615 4186 736 4233 moram
773 4168 877 4233 locum
912 4169 1029 4234 tenent.
1077 4169 1161 4249 Quin
1184 4168 1304 4234 talibus

127 4271 206 4337 locis
230 4273 325 4353 actor,
349 4272 534 4356 priusquam
556 4293 665 4339 vocem
679 4273 849 4338 iambicam
864 4275 1092 4357 pronuntiaret,
1117 4274 1190 4339 data
1205 4273 1305 4357 respi-

129 4377 223 4444 randi
245 4376 397 4443 facultate
420 4396 496 4444 usus
521 4379 573 4462 sit,
598 4378 733 4444 dubium
756 4398 819 4442 non
843 4381 899 4444 est.
946 4378 1048 4458 Quam
1076 4399 1196 4444 moram
1220 4398 1305 4444 com-
