3078 4906
619 347 839 410 ...59-

397 540 430 622 o)
454 539 497 603 in
526 539 784 621 septenario
811 538 1056 603 trochaico:

250 684 275 744 l.
301 679 398 745 heri:
433 680 509 744 Hac.
546 681 627 760 4663
653 717 694 726 η
718 678 836 745 modo:
870 679 951 744 Eun.
991 680 1068 760 7143
1106 679 1208 764 [Adel.
1239 682 1315 747 202.

138 783 392 852 Ex'eonieotura
413 786 561 868 Bentleii,
587 805 680 870 quem
703 785 923 851 Fleckeisenus
948 788 1073 851 secutus
1101 785 1162 871 est]
1211 787 1315 871 [Adel

139 894 213 959 205.
261 891 391 959 Codices
413 892 499 956 hune
522 910 648 957 versum
672 891 718 956 sie
740 891 886 956 tradunt:

248 998 305 1080 ,Id
327 1017 450 1082 quoque
485 1017 615 1081 possum
652 997 743 1080 ferre,
779 997 807 1061 si
840 998 935 1063 modb
969 998 1089 1079 reddat,
1125 1017 1316 1082 quamquam

351 1104 567 1170 inidriumst.“

245 1211 347 1291 Quam
384 1209 552 1275 lectionem
591 1228 714 1275 servare
752 1209 1023 1293 Umpfenbachius
1057 1229 1120 1276 non
1143 1209 1312 1279 dubitavit

138 1317 198 1383 Sed
220 1317 274 1381 hie
297 1315 346 1380 vir
370 1315 481 1380 doctus
519 1335 583 1380 uon
620 1315 772 1397 respexit,
811 1314 896 1398 quod
934 1315 968 1380 in
1006 1317 1118 1398 quarto
1142 1317 1317 1400 septenarii

137 1422 292 1489 trochaici
313 1422 401 1505 pede,
431 1421 459 1486 si
481 1423 555 1505 post
577 1440 650 1486 eum
683 1441 813 1487 caesura
846 1422 893 1503 fit,
928 1419 1028 1486 thesis
1052 1421 1226 1505 dissyllaba
1248 1442 1316 1489 esse

137 1549 200 1594 non
224 1528 325 1594 debet.
373 1529 478 1593 Verba
502 1526 552 1610 ,si
577 1527 692 1592 mbdb“
719 1528 893 1593 seeundum
916 1527 997 1592 hano
1020 1527 1122 1612 legem
1145 1528 1180 1594 in
1202 1531 1315 1613 quarto

136 1653 245 1700 versus
277 1633 356 1716 pedo
389 1633 518 1699 ferenda
552 1653 615 1698 non
639 1635 723 1698 sunt.
770 1632 936 1698 Probanda
958 1635 1006 1698 est
1029 1633 1096 1700 sine
1120 1634 1217 1700 dubio
1240 1655 1316 1701 eon·

137 1741 258 1806 iectura
280 1738 407 1823 Guyeti
432 1759 526 1822 quam
549 1737 722 1819 Bentleius,
758 1738 917 1818 Daiatzko,
959 1738 1179 1805 Fleckeisenus
1214 1741 1322 1807 secuti·

138 1847 222 1927 sunt,
248 1846 293 1910 sic
318 1845 504 1910 scribentes:
1294 1927 1296 1932 Ι

246 1951 303 2033 „Id
325 1969 449 2034 quoque
470 1970 601 2034 possum
623 1950 704 2016 ferre
727 1947 820 2016 mddo
845 1952 872 2015 si
895 1950 1016 2033 reddat,
1050 1971 1242 2035 quamquam
1264 1955 1316 2018 in·
1406 1995 1409 2001 -

349 2057 530 2123 idriumst.“

245 2164 306 2228 Sed
329 2182 401 2228 cum
424 2165 502 2230 haee
525 2183 674 2229 mensura
696 2183 759 2229 non
782 2164 938 2229 librorum
971 2147 1140 2248 spiriptma,
1174 2163 1229 2229 sed
1262 2184 1315 2230 eo·
1386 2182 1420 2240 fa

137 2271 281 2335 niectura
296 2269 426 2352 nitatur,
451 2270 490 2335 de
513 2289 575 2354 quo
598 2271 722 2354 agimus
745 2271 851 2336 locum
885 2291 947 2336 non
983 2261 1149 2353 'respiciam
1171 2270 1206 2334 in
1228 2290 1315 2337 com·

135 2376 285 2460 putandis
309 2376 484 2461 exemplis]
624 2417 628 2426 ·

244 2483 274 2548 2.
298 2482 419 2547 modo:
443 2481 541 2547 ann.
568 2484 643 2564 ess,
668 2484 749 2564 8993
774 2484 854 2548 nun.
883 2485 956 2565 724,
984 2485 1057 2564 rec,
1087 2484 1185 2564 rosc,
1216 2484 1312 2564 1073;

136 2589 233 2654 Haut.
260 2590 339 2669 3163
363 2588 490 2653 Phorm.
516 2588 592 2669 566,
618 2590 698 2670 8o53
723 2626 764 2636 -

427 2746 463 2831 d)
486 2747 530 2811 in
553 2747 786 2812 octonario
813 2747 1022 2814 iambico:

248 2893 275 2956 1.
299 2890 418 2956 modo:
453 2889 550 2954 Andr.
578 2890 652 2971 202,
679 2890 760 2971 207;
796 2890 893 2956 Haut.
922 2892 993 2972 188,
1019 2891 1100 2972 6173
1133 2891 1212 2956 Hec.
1245 2891 1315 2956 582

137 2996 227 3060 Adel.
253 2997 332 3078 2893
358 3035 399 3044 —
903 3079 912 3091 ·

246 3102 274 3165 2.
299 3101 419 3166 modo:
443 3100 542 3165 Andr.
568 3103 649 3183 3093
674 3101 771 3167 Haut.
797 3103 876 3184 9813
901 3102 977 3167 Hec.
1003 3104 1077 3168 208.
1127 3191 1129 3195 Υ

410 3259 442 3343 e)
465 3260 508 3324 in
536 3260 766 3325 octonario
793 3260 1039 3326 trochaico:

249 3405 275 3466 l.
300 3401 420 3467 modo:
445 3402 541 3467 Haut.
568 3401 648 3483 5633
673 3439 715 3449 —

246 3507 275 3570 2.
300 3507 489 3589 Exemplum
511 3525 574 3572 non
597 3506 768 3571 invenitur.

260 3663 356 3746 f)in
379 3665 543 3730 ceteris
566 3666 762 3730 numeris
790 3666 969 3749 exemplum
992 3686 1056 3730 non
1079 3668 1190 3731 exstat.

248 3803 487 3871 Consideremus
521 3805 603 3888 iarn,
639 3806 716 3890 quid
750 3826 787 3873 ex
821 3807 970 3890 exemplis
1004 3807 1109 3871 allatis
1145 3805 1311 3870 efficiatur.

136 3909 301 3975 adverbia
322 3908 357 3974 in
381 3911 442 3992 „e“
465 3909 611 3975 exeuntia
634 3913 666 3975 et
687 3911 845 3994 particula
867 3911 960 3994 „uti“
991 3911 1117 3976 omnino
1148 3930 1212 3976 non
1245 3930 1314 3976 eor-

138 4017 228 4100 repta
251 4018 334 4082 sunt.
382 4016 449 4080 Vox
471 4014 594 4098 ‚,heri“,
619 4035 699 4100 quae
723 4036 776 4083 sex
798 4017 875 4082 locis
910 4016 1009 4082 iambi
1043 4016 1183 4099 pretium
1205 4017 1312 4100 babet,

137 4121 187 4187 bis
211 4124 356 4204 correpta
378 4120 549 4203 invenitur,
575 4121 672 4186 semel
695 4141 768 4187 eum
791 4123 860 4188 ictu
875 4123 909 4187 in
931 4122 1036 4206 priore
1060 4123 1190 4206 syllaba,
1216 4123 1314 4188 semel

138 4228 205 4293 sine
228 4227 306 4309 ictu,
341 4227 376 4292 in
399 4227 501 4310 primo
524 4245 635 4292 versus
663 4228 742 4310 pede
765 4228 925 4293 collocata.
972 4227 1170 4293 Vocabulum
1193 4229 1312 4312 ‚,eito“,

137 4333 222 4418 quod
244 4335 380 4417 quatuor
402 4332 479 4398 loois
503 4334 613 4416 exstat,
639 4335 736 4398 semel
758 4336 941 4416 correptum
963 4334 1082 4418 legitur
1105 4353 1176 4398 oum
1193 4334 1261 4399 ictu
1276 4335 1313 4400 in

135 4438 241 4522 priore
264 4439 394 4522 syllaba.
443 4437 637 4522 Singillatim
660 4439 817 4522 agendum
840 4441 889 4504 est
915 4439 954 4504 de
983 4439 1141 4521 particula
1163 4440 1311 4522 ‚,modo“.
