3078 4906
674 308 872 370 „9-

289 499 363 564 Iam
398 517 548 582 exponere
582 497 664 564 mihi
697 499 805 581 liceat,
843 518 940 583 quam
966 499 1051 566 viam
1073 501 1109 566 iu
1131 501 1363 587 coniugationis

183 604 294 672 formis
317 604 426 670 littera
450 606 503 686 „t“
528 605 707 671 terminatis
731 607 897 671 secuturus
922 606 991 672 sim.
1038 607 1187 672 Duiatuko
1215 609 1250 674 in
1272 627 1364 691 prae-

180 711 302 777 fatione
325 711 365 776 ad
387 710 611 794 Phormionem
634 711 719 796 (pag.
746 711 816 795 25.)
839 713 917 778 haec
940 712 1034 778 dicit:

133 867 144 894 ,
202 853 206 858 =
262 851 265 858 ‚
294 817 352 900 „In
375 811 436 882 den
458 817 633 883 lludsilbeu
654 834 716 883 vou
731 818 880 884 Wdrtern
902 818 956 884 des
980 819 1101 884 alteren
1122 819 1251 887 Lateius
1274 821 1364 905 glebt

184 944 217 990 es
240 924 309 989 eine
330 923 430 992 Reihe
452 943 513 989 von
535 924 640 990 Natur
661 924 771 1007 langer
787 924 905 990 Vokale
917 925 978 990 mit
993 924 1069 990 oder
1092 926 1173 991 ohne
1195 926 1363 1010 folgenden

70 1021 71 1026 ’
183 1030 412 1110 Consonauten,
447 1030 564 1096 welche
598 1030 633 1095 in
668 1029 724 1096 der
757 1030 917 1115 Folgezeit
947 1031 1095 1097 verkdrut
1116 1033 1254 1098 uurdeu.
1302 1033 1363 1098 Die

181 1135 397 1202 betreffenden
419 1135 530 1202 Silbcn
552 1136 625 1202 sind
648 1135 746 1201 daher
768 1135 851 1220 lang.
898 1137 957 1202 Bei
979 1137 1096 1204 Tereus
1117 1138 1174 1204 hat
1189 1139 1258 1204 sich
1280 1139 1364 1206 noch

183 1242 288 1308 sicher
311 1242 454 1308 erhalten
478 1245 571 1308 —it
605 1243 641 1308 iu
663 1244 719 1307 der
742 1244 771 1308 3.
796 1242 882 1308 Pers.
908 1243 988 1326 sing.
1024 1243 1090 1309 iud.
1119 1244 1197 1327 perf.
1223 1247 1299 1326 act.;
1335 1266 1360 1310 r.

182 1351 220 1414 Β.
244 1348 394 1415 Phormio
417 1350 454 1415 V.
480 1350 510 1431 9,
536 1349 666 1432 776.“1>

291 1455 352 1520 Sed
377 1455 608 1521 consideremus
632 1455 708 1520 haec
732 1454 885 1537 exempla!

291 1561 491 1627 Phormiouis
507 1581 615 1627 versus
629 1563 649 1627 9
664 1560 699 1626 in
722 1561 868 1626 omnibus
893 1561 1054 1627 codicibus
1070 1562 1116 1627 sic
1137 1563 1275 1628 traditus
1299 1565 1363 1628 est.-

295 1667 405 1749 ,Quod
441 1667 469 1732 si
502 1666 710 1751 intellegeret,
747 1686 819 1731 cum
843 1667 944 1733 ‘stetit
966 1666 1044 1732 olim
1066 1671 1176 1733 nora.“

295 1774 429 1857 „seeum
455 1774 645 1839 vocabulum
666 1773 768 1857 igitur
790 1772 946 1856 syllabam
961 1774 1090 1840 finalem
1105 1774 1233 1858 longam
1255 1775 1361 1841 habet.

181 1881 359 1962 Bentleius,
384 1899 458 1945 cum
479 1880 515 1944 in
536 1879 606 1944 hao'
618 1899 652 1944 re
675 1879 854 1960 offenderet,
879 1880 1059 1945 coniectura
1073 1899 1151 1946 usus
1175 1882 1223 1946 est
1244 1881 1300 1962 ita,
1325 1884 1364 1946 ut

183 1988 354 2051 verborum
376 1986 517 2051 ordinem
539 1987 678 2054 mutaret
701 1985 856 2052 scribens:
1228 2029 1231 2038 -

283 2093 405 2175 ¹,Quod
428 2093 455 2158 si
478 2091 685 2176 Intellegeret,
710 2091 788 2158 olim
810 2111 884 2158 cum
907 2093 998 2158 secr
1013 2096 1123 2158 nova.“

185 2273 187 2276 ,
293 2199 354 2266 Sed
391 2199 444 2264 hio
482 2218 592 2264 versus
625 2199 661 2262 in
696 2198 757 2263 duo
780 2198 934 2264 vocabula
955 2199 1095 2264 iambica
1115 2198 1242 2282 desinit,
1267 2220 1363 2283 quem

182 2306 305 2371 exitum
328 2325 347 2371 a
369 2306 470 2388 poetis
508 2306 646 2371 vitatum
685 2323 752 2371 esse
776 2306 900 2370 constat
931 2324 1028 2388 eaque
1052 2305 1089 2370 de
1112 2324 1215 2388 causa,
1252 2325 1363 2390 quam·

183 2431 281 2496 quam
314 2411 357 2494 is,
391 2412 514 2496 dequo
538 2412 670 2496 agimus,
695 2411 781 2476 solus
805 2410 892 2476 locus
916 2413 964 2477 est
989 2449 1032 2460 -
1055 2412 1093 2476 ut
1117 2432 1154 2477 er
1181 2412 1363 2497 quaestione

183 2537 255 2582 mee
277 2519 449 2601 apparebit,
475 2556 517 2568 -
541 2537 602 2602 quo
636 2517 803 2583 Terentius
843 2516 975 2600 perfecti
1013 2516 1270 2583 terminationem
1295 2518 1361 2600 ,it“

184 2624 313 2708 longam
336 2625 481 2707 servarIt,
506 2627 613 2690 tamen
636 2625 671 2689 in
693 2623 848 2689 librorum
864 2624 1023 2707 scriptura
1038 2623 1243 2707 acquiescere,
1268 2643 1365 2708 quam

156 2756 160 2764 ·
183 2729 322 2794 Bentleii
345 2730 557 2795 coniecturam
580 2729 669 2813 sequi
692 2729 785 2794 malo.
821 2771 823 2780 .

293 2835 487 2901 Accedamus
509 2835 575 2901 iam
597 2836 635 2899 ad
658 2835 859 2901 Phormionis
883 2855 1008 2902 versum
1033 2837 1106 2916 776,
1131 2854 1226 2919 quem
1241 2835 1363 2902 codices

110 2997 112 3001 .
183 2943 232 3008 sic
256 2942 418 3008 exhibent:

155 3081 165 3102 .
295 3048 364 3131 ,Ita
385 3047 515 3128 faciam,
555 3050 593 3112 ut
614 3047 712 3114 frater
733 3046 869 3127 censuit,
904 3049 941 3112 ut
963 3045 1093 3112 uxorem
1131 3047 1198 3112 eius
1220 3047 1284 3112 huo
1307 3048 1364 3112 ad-

183 3157 319 3222 ducam“

215 3270 217 3274 ’
292 3263 360 3327 Hoc
383 3262 451 3327 loco
474 3260 629 3345 syllabam
651 3260 780 3326 finalem
794 3259 879 3324 vocis
899 3257 1061 3340 „censuit“
1079 3276 1153 3324 cum
1175 3259 1365 3324 Duiatzkone

182 3388 242 3453 pro
276 3368 371 3453 longa
405 3367 529 3450 habere,
564 3386 634 3431 mea
668 3365 797 3450 quidem
821 3365 977 3430 sententia
999 3365 1210 3430 necessarium
1232 3364 1364 3430 minime

183 3477 242 3541 est.
289 3474 450 3558 Respicias
473 3473 558 3538 enim
580 3471 686 3553 velim,
711 3472 797 3537 hunc
819 3490 946 3536 versum
963 3470 1176 3553 septenarium
1191 3469 1365 3536 iambicum

185 3601 262 3663 esse,
286 3583 318 3646 et
340 3579 507 3646 diaeresim
528 3579 599 3645 fieri
613 3579 686 3662 post
699 3578 890 3644 vocabulum
908 3577 1081 3659 „censuit“.
1117 3578 1163 3641 Ilo
1178 3577 1280 3660 igitur
1294 3576 1363 3643 loco

186 3686 309 3771 syllaba
333 3688 399 3769 „it“
425 3686 522 3751 arsim
545 3684 654 3766 efficit,
679 3704 740 3769 quo
763 3685 888 3767 saepius
904 3685 1032 3749 brevem
1054 3683 1222 3768 prolonga
1244 3682 1363 3748 admis-

183 3812 254 3859 sam
277 3811 343 3858 esse
359 3793 491 3858 constat.
516 3792 587 3876 (cfr.
611 3790 754 3875 Spengel.
772 3791 868 3874 praef.
887 3790 927 3856 ad
942 3790 1096 3855 Andriam
1110 3809 1181 3874 pag.
1198 3788 1363 3872 XXXIII.)

292 3897 442 3982 Longius,
466 3917 562 3981 quam
584 3897 746 3980 Duiatzko,
782 3896 937 3980 prooessIt
959 3896 1111 3979 Wagner,
1136 3894 1193 3980 qui
1214 3895 1250 3959 in
1272 3913 1364 3978 prae-

184 4003 304 4078 fatione
326 4004 367 4068 ad
382 4002 584 4084 comoediam,
608 4021 687 4086 quae
702 4002 890 4069 Inseribitur
907 4002 1057 4084 „Hauton
1071 4002 1362 4082 Timorcumenos“,
1377 4003 1381 4008 '

185 4112 272 4196 (pag.
301 4109 368 4193 18.)
391 4107 585 4175 haecdicit:

183 4271 399 4283 m

294 4359 321 4426 1)
341 4357 389 4413 alr.
408 4357 439 4412 A.
458 4357 586 4412 Klette.
623 4356 837 4411 Exercitationes
856 4356 1044 4410 Terentianae.
1080 4352 1257 4408 Boun1855.
1349 4397 1351 4400 .
