3078 4906
689 331 909 396 „m-

486 522 524 604 b)
558 521 601 586 in
625 523 876 605 septenario
899 523 1102 588 iambico:
1258 591 1260 594 ,

317 668 344 727 1.
370 664 498 728 bonas:
524 664 598 728 Hec.
626 665 704 745 7393
723 701 764 710 -
781 665 909 729 bonos:
933 665 1060 730 Phorm.
1080 666 1158 746 7673
1184 703 1227 713 —
1249 665 1384 730 honos:

89 857 92 862 Ι
206 771 287 834 Eun.
326 769 425 849 10233
451 807 493 815 —
516 769 639 834 ludos:
674 770 755 834 Eun.
795 772 894 851 1010;
920 809 961 817 —
985 771 1113 835 malos:
1148 771 1274 835 Phorm.
1302 771 1382 850 766;

208 874 341 939 minas:
366 874 462 939 Haut.
491 876 567 955 7243
594 913 635 921 -

315 981 344 1045 2.
368 981 502 1046 Nullum
526 981 701 1064 exemplum
723 981 838 1045 inveni.

473 1139 505 1223 c)
529 1139 573 1203 in
596 1139 847 1222 septenario
870 1140 1114 1205 trochaico:

317 1282 344 1343 1.
374 1279 490 1344 fores:
529 1280 609 1344 Eun.
655 1281 754 1362 10293
795 1318 837 1327 —
871 1280 1005 1346 minas:
1042 1250 1386 1362 Phorms10383—

209 1386 343 1450 modis:
368 1385 466 1450 Andr.
492 1388 566 1450 248.
917 1467 919 1470 Ι
1469 1403 1472 1406 ·

319 1492 348 1555 2.
373 1491 561 1573 Exemplum
583 1511 647 1556 non
668 1493 778 1556 exstat.
865 1547 868 1552 .

496 1650 532 1733 d)
555 1649 599 1713 in
633 1650 861 1715 octonario
888 1650 1089 1715 iambico:

318 1792 344 1854 1.
370 1789 484 1854 cous:
520 1789 617 1854 anor.
643 1791 723 1870 5833
749 1829 790 1837 -
814 1767 926 1855 ficos:
961 1791 1050 1855 acer.
1081 1793 1160 1870 3063
1185 1827 1228 1836 -
1251 1789 1381 1854 minis:

207 1893 296 1958 Adel.
325 1897 401 1976 1913
426 1895 631 1977 -patres1
666 1896 762 1960 Haut.
800 1897 879 1977 213;
917 1895 1072 1980 [socrum
1101 1897 1176 1960 Hoc.
1208 1897 1281 1961 201.
1318 1894 1383 1974 Qui

207 2018 315 2064 versus
339 2000 597 2083 corruptissimus
620 2000 750 2064 fortasse
774 2001 899 2064 omnino
923 2021 985 2065 non
1007 2001 1163 2084 genuinus
1188 2000 1259 2085 est]

316 2107 345 2170 2.
370 2105 467 2169 Nulla
489 2125 548 2170 vor
570 2105 662 2168 mihi·
675 2105 819 2170 occurrit.

252 2264 284 2346 e)
307 2264 350 2327 in
374 2263 595 2328 octonario
618 2263 850 2328 trochaico
879 2264 1055 2346 exemplum
1077 2284 1140 2329 non
1162 2265 1333 2329 invenitur.

526 2422 555 2504 f)
579 2421 623 2485 in
657 2422 820 2486 ceteris
854 2423 1059 2487 numeris:

313 2561 352 2625 In
374 2563 556 2626 tetrametro
579 2561 742 2626 bachiaco:
766 2561 878 2628 fides:
914 2562 1011 2627 Andr.
1037 2563 1116 2644 6373
1140 2563 1175 2626 in
1197 2565 1381 2628 tetrametro

207 2667 362 2733 cretico:
386 2667 512 2732 malis:
536 2668 634 2732 Andr.
662 2670 736 2734 627.

612 2895 974 2989 wmmm

633 3057 666 3139 a)
689 3056 732 3119 in
767 3057 951 3121 senario:

317 3199 343 3260 1.
368 3197 489 3262 bonis:
524 3198 604 3260 Eun.
632 3199 666 3277 83
703 3196 780 3279 (Hic
813 3214 922 3260 versus
949 3195 984 3259 in
1012 3194 1171 3259 codicibus
1196 3197 1240 3260 sio
1264 3197 1378 3260 exstat:

317 3301 382 3382 „Er
404 3301 531 3366 Graecis
566 3303 657 3367 bonis
691 3301 819 3365 Latinas
843 3299 918 3364 fecit
940 3303 1002 3364 non
1031 3300 1157 3363 bonas.“
1204 3301 1377 3382 Bentleius,

207 3425 301 3490 quem
349 3406 503 3489 correptio
553 3405 698 3471 vocabuli
750 3406 881 3488 „bonis“
933 3404 1076 3484 offendit,
1128 3404 1165 3467 de
1203 3404 1261 3467 hoc
1309 3405 1379 3467 loco

207 3511 347 3594 scripsit:
883 3523 885 3528 ’

316 3617 382 3698 „Ex
404 3617 530 3681 Graecis
553 3616 657 3700 bonis]
693 3617 745 3682 Sic
768 3618 921 3697 Faernus3
957 3615 1011 3679 sed
1037 3615 1120 3696 „mc
1150 3613 1249 3697 priori
1270 3613 1378 3697 potius

206 3723 312 3787 versui
334 3722 567 3805 apponendum:
593 3773 600 3786 .
627 3773 634 3786 .
660 3773 666 3786 .
691 3722 799 3806 Neque
823 3721 993 3786 enimcum
1007 3721 1075 3785 viro
1091 3720 1181 3784 docto
1196 3722 1264 3785 tam
1286 3719 1378 3784 facile

206 3828 412 3911 corripuerim
436 3827 602 3910 syllabam,
628 3827 887 3910 cumportione,
923 3828 993 3891 tum
1016 3828 1131 3891 natura
1150 3825 1309 3908 longam.“
1335 3811 1392 3872 -'

207 3931 297 4012 Quod
320 3932 536 4015 monosyllaba
569 3933 759 4015 praepositio
786 3936 859 4014 „er“
885 3932 920 3997 in
948 3933 1010 3996 fine
1032 3951 1141 3997 versus
1163 3932 1268 4014 posita
1290 3932 1338 3996 est
1360 3950 1379 3996 a

205 4037 363 4118 Bentleio,
402 4037 487 4119 apud
524 4037 707 4102 Terentium
745 4057 819 4102 sane
862 4036 1064 4102 offensionem
1101 4056 1165 4101 non
1201 4037 1310 4117 habet,
1350 4034 1379 4100 si

205 4141 360 4225 Klotzius,
385 4142 440 4225 qui
462 4141 495 4206 in
520 4143 601 4208 hanc
623 4161 690 4208 rem
705 4142 882 4226 inquisivit,
907 4145 990 4208 recte
1006 4143 1135 4208 iudicat.
1161 4142 1232 4226 (cfr.
1250 4140 1378 4207 Grund-

130 4335 133 4342 Ᾰ
205 4251 283 4330 auge
306 4249 365 4312 etc.
390 4266 460 4332 pag.
486 4249 633 4331 365166.)
679 4248 740 4313 Sed
763 4268 836 4313 cum
859 4249 1001 4313 omnium
1030 4247 1185 4313 librorum
1209 4265 1378 4312 consensus
