3078 4906
759 300 980 362 ‚04-

503 493 537 575 c)
571 492 617 556 in
651 490 928 574 septenario
962 489 1237 554 trochaico:

388 637 415 698 1.
441 633 539 717 (did:
562 633 643 698 Eun.
670 634 766 699 1085).
812 633 915 697 Iocus
937 632 1105 714 incertus.)

386 741 416 804 2.
441 738 629 823 Exemplum
651 759 715 804 non
738 739 907 804 invenitur.

537 916 574 998 d)
608 916 654 978 in
689 915 936 980 octonario
970 914 1193 978 iambico:

388 1061 415 1122 l.
441 1056 522 1121 did:
545 1058 627 1121 Eun.
654 1058 733 1137 2953
756 1057 885 1121 Phorm.
913 1055 991 1136 1653
1016 1053 1105 1118 Adel.
1132 1055 1212 1134 6213
1237 1092 1280 1101 -

385 1166 416 1229 2.
441 1162 577 1227 Nullum
599 1164 778 1245 exemplum
800 1182 817 1226 e
887 1165 910 1226 t.

300 1340 333 1423 e)
356 1339 391 1403 in
414 1339 574 1404 octonario
596 1338 755 1404 trochaico
779 1339 953 1421 ceterisque
974 1338 1115 1404 numeris
1138 1338 1229 1401 nulla
1251 1357 1311 1402 vox
1333 1337 1420 1401 huius

733 1445 858 1528 generis
881 1444 1008 1528 legitur.

580 1656 613 1729 ih
641 1655 754 1729 temne
776 1674 831 1728 rer
851 1656 966 1729 inhies
987 1657 1149 1752 umpatae.

387 1835 582 1900 Vocabulum
605 1834 707 1916 „diu“
731 1835 795 1899 nisi
816 1835 989 1899 iambicum
1012 1853 1075 1898 non
1097 1834 1258 1898 invenitur
1287 1833 1369 1917 apud
1388 1832 1437 1896 Te

278 1939 428 2004 rentium.

386 2046 454 2111 Vox
476 2050 569 2127 ,‚eo“
592 2047 642 2111 bis
666 2047 800 2129 synizesi
822 2045 1057 2129 pronuntianda
1079 2048 1143 2110 est:

387 2151 425 2214 In
449 2152 589 2216 senario:
613 2153 694 2216 Eun.
720 2153 801 2232 69υ;
826 2152 953 2217 Phorm.
978 2153 1054 2217 599.

383 2594 542 2678 inquisivi
564 2594 629 2658 iam
651 2594 686 2658 in
709 2613 816 2660 omnes
839 2613 929 2660 voces
952 2594 1113 2659 iambicas.
1144 2593 1199 2676 ha,
1225 2613 1307 2677 quae
1329 2595 1363 2658 in
1384 2591 1439 2657 sin·

276 2700 362 2784 godis
397 2699 623 2765 vocabulorum
645 2701 814 2784 generibus
844 2699 1064 2784 investigando
1087 2700 1223 2784 repperi,
1259 2701 1369 2784 paucis
1389 2699 1439 2761 hoc

276 2806 344 2871 loco
367 2805 629 2889 comprehendere
662 2805 744 2870 mihi
777 2807 881 2887 liceat
917 2809 955 2871 ut
984 2826 1048 2871 uno
1079 2809 1249 2890 conspectu
1278 2808 1438 2882 videamus,

277 2911 432 2994 quatenus
444 2911 610 2975 Terentius
634 2911 669 2975 in
691 2911 787 2976 variis
810 2911 921 2977 formis
937 2913 1143 2994 correptionis
1159 2912 1289 2979 licentia
1304 2933 1380 2979 usus
1395 2909 1437 2974 sit,

384 3017 577 3100 Incipiamus
600 3037 619 3082 a
642 3017 862 3084 declinationis
885 3019 1009 3083 formis!
1041 3019 1140 3085 Voces
1162 3021 1318 3086 iambioae
1340 3021 1374 3084 in
1393 3035 1439 3080 vo·

276 3123 377 3188 calem
411 3127 558 3190 exeuntes
594 3125 670 3190 satis
705 3128 813 3192 crebro
847 3126 1073 3209 corripiuntur.
1121 3126 1155 3191 Si
1189 3127 1293 3192 obiter
1324 3141 1440 3207 compu-

275 3231 391 3312 tamus,
427 3233 513 3296 stant
547 3232 686 3315 quinque
720 3252 784 3296 uon
817 3235 975 3316 correptae
1005 3235 1112 3298 contra
1146 3253 1243 3298 uuam
1265 3235 1437 3317 correptam.

276 3336 364 3399 Inter
386 3335 502 3400 formas
525 3338 685 3419 correptas
709 3338 801 3420 longe
823 3338 965 3421 primum
988 3340 1094 3403 locum
1116 3339 1239 3405 obtinet
1261 3339 1438 3405 vocabulum

277 3441 424 3524 ‚‚homo“.
472 3443 570 3506 Voces
592 3442 627 3506 in
651 3442 888 3528 diphthongum
910 3447 990 3526 ‚‚ae“
1013 3444 1190 3511 desinentes
1226 3447 1354 3512 omnino
1386 3459 1437 3507 non

277 3549 437 3630 correptae
459 3547 673 3614 inveniuntur.
720 3551 850 3615 Formas
873 3550 981 3615 littera
1003 3553 1063 3632 ‚‚s“
1090 3552 1277 3616 terminatas
1312 3564 1438 3634 unquam

277 3654 435 3736 correptas
459 3673 525 3720 esse
548 3675 567 3719 a
588 3656 733 3721 Terentio
756 3656 919 3721 Bentleius
943 3659 1039 3740 negat
1054 3677 1184 3740 eamque
1199 3660 1239 3724 oh
1254 3677 1380 3724 causam
1394 3652 1438 3718 hio

277 3759 328 3824 vir
350 3759 461 3825 doctus
484 3760 630 3826 omnibus
653 3761 740 3844 loeis,
765 3762 882 3845 quibus
905 3762 940 3825 iu
962 3762 1124 3828 codicibus
1151 3763 1336 3829 huiusmodi
1358 3777 1438 3826 voca

277 3853 399 3930 bulum
414 3886 477 3931 non
499 3867 673 3932 iambicum
694 3869 849 3933 traditum
872 3871 928 3949 est,
953 3870 1133 3934 coniectura
1147 3869 1260 3935 utitur.
1294 3867 1440 3952 Equidem

277 3972 428 4055 exemplis
452 3974 635 4040 examinatis
658 3974 740 4039 mihi
761 3975 912 4057 persuasi,
937 3975 1033 4040 etiam
1055 3976 1090 4040 in
1113 3976 1164 4040 his
1179 3976 1310 4041 vocibus
1325 3990 1440 4052 correp-

276 4077 397 4142 tionem
419 4096 485 4143 esse
508 4080 723 4163 statuendam3
760 4081 814 4145 sed
836 4080 895 4146 hoc
919 4080 1087 4146 dicendum
1115 4083 1173 4164 est,
1197 4081 1380 4147 Terentium
1410 4076 1441 4138 i11

277 4183 388 4249 formis
421 4184 518 4250 huius
548 4187 671 4270 generis
699 4187 900 4252 dimetiendis
934 4207 1081 4271 magnam
1116 4188 1300 4253 adhibuisse
1334 4181 1440 4252 severi·

277 4291 386 4356 tatem.
424 4328 465 4338 -
500 4291 592 4370 Quod
625 4293 741 4359 attinet
774 4294 813 4359 ad
846 4313 936 4359 voces
958 4295 994 4359 in
1016 4299 1096 4377 ‚‚or“
1120 4298 1277 4377 exeuntes,
1315 4313 1379 4378 ego,
1404 4322 1439 4335 ο
