3078 4906
613 323 834 387 -19-.

130 517 262 598 doeens,
288 536 395 581 omnes
420 517 572 599 senarios,
608 517 665 581 nbi
699 535 789 582 voees
812 517 966 581 iambicae
989 517 1024 580 in
1047 517 1141 582 tertio
1164 516 1243 600 pede
1267 515 1313 580 le·

135 625 261 706 gantur,
285 622 321 686 in
344 614 554 705 suspicionem
577 642 643 687 esse
665 623 829 688 vocandos.
877 623 944 687 Hoc
967 623 1034 687 loeo
1063 622 1149 686 enim
1175 621 1314 687 conenei-

136 728 274 793 ationem
307 729 475 793 uerborum
509 731 654 794 accentus
690 731 721 794 et
743 729 827 794 ictus
854 729 1030 812 rhythmici
1053 748 1182 812 prorsus
1205 747 1312 792 neees-

133 835 253 899 sariam
278 855 353 901 esse.
400 838 622 919 Brugmennus
660 837 829 901 verborum
863 835 972 900 ordine
995 836 1116 900 mutato
1139 835 1204 918 legi
1226 831 1310 898 vult:

246 941 431 1023 „Summum
465 935 583 1006 benum
618 960 685 1006 esse
719 960 788 1006 erae
823 942 908 1005 hinc
942 941 1053 1023 putavi
1085 940 1309 1024 Pemphilum“
1347 969 1349 974 ·

134 1046 196 1110 Pro
220 1046 403 1129 pyrrhichio
438 1047 521 1110 certe
554 1046 704 1110 hocloco
738 1047 927 1111 vocabulum
953 1048 1062 1127 „erae“
1087 1045 1228 1128 positum
1250 1064 1313 1109 non

29 1159 32 1163 “
131 1153 183 1215 est
206 1171 301 1235 eaque
325 1152 364 1216 de
387 1170 481 1217 eausa
504 1171 572 1215 rem
593 1152 628 1215 in
651 1151 754 1215 medio
777 1151 954 1235 relinquere
977 1151 1059 1215 mihi
1082 1151 1181 1236 lieet]

241 1256 503 1323 moret:.Andr.
532 1259 610 1337 1663
636 1295 678 1304 -

243 1364 279 1445 2)
303 1363 490 1445 Exemplum
513 1382 575 1426 non
599 1365 717 1453 exstat,

166 1540 189 1602 'b
206 1541 237 1623 e)
260 1540 304 1602 in
327 1539 596 1621 septenariis
620 1539 742 1603 nullum
764 1539 860 1603 huius
883 1540 1007 1622 generis
1030 1559 1139 1604 vocem
1159 1540 1276 1605 inveni.

253 1717 289 1799 d)
314 1717 356 1779 in
380 1717 608 1780 octonario
631 1716 833 1780 iambico:
854 1715 976 1780 morae:
1000 1715 1089 1781 Adel.
1117 1718 1190 1781 719.

257 1893 289 1974 e)
313 1891 356 1955 in
379 1891 606 1957 octonario
630 1891 871 1956 trochaico:
896 1851 1084 1958 eratthun.
1111 1893 1185 1958 654.

200 2068 229 2150 i)
258 2067 301 2130 in
324 2067 485 2131 ceteris
508 2067 699 2131 numeris
722 2067 847 2131 nullum
870 2069 1047 2150 exemplum
1069 2055 1240 2144 invenitus.

409 2287 410 2290 ¹
543 2257 577 2332 u
601 2257 714 2332 hernae
737 2261 890 2351 eeneptee.

241 2420 308 2484 Vox
330 2419 466 2485 iambica
488 2421 631 2502 correpta
653 2420 688 2484 in
714 2419 948 2503 diphthongum
975 2424 1048 2502 „ee“
1075 2421 1218 2486 desinens
1243 2441 1310 2486 om-

131 2525 209 2590 nino
233 2545 296 2589 non
317 2525 536 2629 1111θηὶ16111
558 2525 699 2590 Terentii
722 2526 900 2591 comoediis.

393 2840 425 2926 t.
452 2842 720 2927 inuenientium
747 2843 781 2927 in
808 2848 866 2940 „⁸⁴⁴
894 2844 1050 2929 exemteu

171 2999 393 3082 (praetereas,
419 3002 534 3084 quibus
557 3002 592 3066 in
615 3001 727 3066 mediis
751 3001 831 3066 duae
855 3003 976 3068 vocales
1000 3022 1032 3066 se
1056 3004 1270 3086 contingunt.)

513 3192 534 3293 l.
557 3192 922 3285 herminiannum.
977 3245 980 3252 ·

564 3353 597 3435 a)
621 3353 665 3416 in'
688 3354 876 3417 senario:

140 3567 141 3570 Ἴ
243 3495 276 3576 l)
300 3494 428 3558 bonis:
467 3495 547 3559 Eun.
589 3495 641 3575 37,
681 3493 806 3558 Phorm.
848 3495 927 3575 2583
953 3532 995 3541 —
1019 3495 1140 3558 bonis:
1179 3495 1306 3559 Pherm.

134 3598 212 3677 1153
237 3637 279 3645 -
303 3599 424 3664 cents:
453 3600 549 3664 Andr.
576 3601 634 3680 573
660 3599 818 3664 -foris
854 3599 1045 3683 (=forts):
1080 3599 1160 3663 Adel
1182 3600 1239 3679 88;
1265 3637 1308 3646 -

131 3701 245 3766 fores:
286 3703 375 3768 Adel.
420 3706 495 3787 1203
532 3744 573 3752 -
608 3705 736 3787 gravis
776 3705 994 3788 (=graues):
1034 3705 1130 3769 Haut.
1171 3706 1227 3786 99;
1264 3743 1306 3752 -

130 3809 255 3873 malis:
278 3807 404 3874 Phorm.
431 3811 510 3892 6883
536 3849 577 3858 —
601 3810 734 3874 minis:
758 3810 838 3874 Eun.
868 3811 939 3891 169,
965 3811 1061 3874 Haut.
1079 3811 1153 3890 835,
1177 3809 1304 3874 Pherm.

131 3917 207 3996 410,
231 3915 273 3978 ib.
300 3917 379 3996 662,
404 3915 492 3980 Adel.
518 3918 598 3996 2423
624 3954 665 3962 —
686 3916 821 4009 modis:
857 3917 931 3980 Hec.
972 3917 1044 3996 179,
1080 3915 1121 3979 ib.
1161 3917 1238 3997 7013
1264 3932 1306 3962 -·-

130 4021 258 4084 novis:
283 4020 378 4085 Haut.
405 4022 457 4102 34,
492 4021 535 4085 ib.
560 4023 614 4102 43,
651 4022 725 4085 Hec.
754 4023 808 4102 12,
833 4022 876 4085 ib.
902 4023 959 4102 573
986 4059 1027 4068 -
1050 4020 1191 4103 patres:
1215 4021 1304 4086 Adel.

129 4127 188 4208 533
215 4164 256 4174 -
280 4125 405 4208 pedes:
429 4127 519 4191 Adel.
546 4127 625 4208 3863
651 4165 692 4174 -
718 4127 836 4192 sente:
860 4127 957 4192 Haut.
982 4128 1059 4207 419,
1081 4127 1169 4190 Adel.
1189 4127 1245 4206 23;
1264 4163 1307 4173 -

238 4233 273 4315 2)
299 4251 393 4297 eros:
419 4234 514 4297 Haut.
541 4232 615 4297 537.

1108 4406 1145 4471 2*
