3078 4906
438 1243 943 1384 Ocniugationis
981 1245 1251 1364 formae.

476 1511 508 1596 l.
535 1511 629 1598 loces
656 1512 806 1599 ianbicee
833 1512 867 1598 in
894 1513 1030 1599 vocum
1057 1515 1212 1598 exeuntes.
1314 1587 1317 1592 ,

381 1673 518 1754 (praeter
541 1691 601 1753 eas,
627 1691 760 1756 quarum
784 1673 922 1737 vocalem
945 1673 980 1736 in
1002 1673 1064 1737 fine
1088 1672 1224 1755 positam
1247 1671 1310 1736 alia

686 1779 791 1843 brevis
815 1779 997 1860 antecedit.)

635 1969 657 2043 l.
680 1970 793 2043 lernae
816 1991 869 2043 ιιι
892 1971 1047 2062 coneptee.

688 2133 720 2212 a)
743 2131 786 2194 in
810 2131 1003 2196 senario:

368 2256 394 2316 l.
420 2255 525 2317 amb:
548 2253 675 2318 Phorm.
701 2254 761 2335 543
788 2291 828 2301 -
853 2254 978 2318 dabo:
1001 2254 1128 2319 Phorm.
1154 2257 1238 2336 670;
1264 2294 1305 2302 —

417 2363 541 2443 nego:
580 2360 707 2425 Phorm.
733 2362 816 2442 383;
842 2399 884 2408 -
907 2361 1027 2443 puto:
1062 2357 1142 2425 Eun'.
1168 2362 1252 2443 9303
1281 2399 1323 2409 —

417 2470 536 2550 rog63
562 2467 658 2531 Andr.
688 2469 768 2548 1243
798 2507 840 2515 —
863 2467 978 2532 volo:
1001 2466 1099 2532 Andr.
1119 2469 1179 2548 293
1204 2467 1331 2532 Phorm.
1350 2468 1441 2552 950;

471 2574 581 2657 (Hunc
604 2593 739 2655 versum,
764 2573 798 2637 in
822 2592 883 2657 quo
907 2573 1110 2638 commutatio
1134 2573 1322 2657 quantitatis
1345 2574 1441 2640 eius-

469 2679 540 2744 dem
563 2679 709 2744 vocabuli
731 2679 895 2762 perspicue
918 2680 1133 2762 cognoscatur,
1158 2680 1263 2743 totum
1285 2679 1438 2746 afferam:

365 2784 472 2866 „Nola
497 2782 587 2866 volb;
611 2785 692 2867 volo,
718 2786 788 2851 nolo
812 2786 957 2865 rdrsum3
982 2786 1056 2868 cape
1080 2785 1201 2866 cedt.“)

415 2890 532 2956 mane:
551 2891 650 2956 Andr.
671 2894 743 2972 760,
763 2891 902 2976 [Phorm.
922 2893 995 2956 217.
1037 2891 1210 2955 Bembinus
1226 2893 1259 2955 et
1273 2891 1335 2956 duo
1351 2890 1437 2958 libri

414 2999 603 3063 recensionis
627 2998 839 3081 Calliopianae
862 2997 948 3062 hunc
971 3017 1097 3062 versum
1121 2997 1166 3062 sic
1188 2997 1358 3081 praebent:

365 3105 477 3186 „Mane
500 3106 640 3188 inquam.
687 3105 821 3189 Egomet
843 3125 893 3169 me
916 3104 990 3169 novi
1013 3106 1044 3169 et
1066 3105 1231 3187 peccatum
1253 3105 1380 3168 meum“

361 3209 430 3290 Qua
452 3211 487 3275 in
511 3212 669 3295 scriptura
691 3212 826 3276 editores
849 3211 1036 3276 recentiores
1051 3211 1175 3293 praeter
1189 3205 1433 3278 Fleckeisenum

251 3315 477 3400 acquieverunt
500 3319 531 3382 ct
565 3320 648 3383 recte
681 3318 808 3402 quidem
829 3338 879 3382 me
902 3317 1015 3397 iudice,
1052 3336 1125 3382 nam
1148 3336 1207 3380 vox
1229 3316 1433 3398 anapaestico

253 3421 410 3505 (egomet)
434 3422 627 3488 insecundo
650 3443 758 3489 versus
775 3424 853 3506 pede
868 3425 935 3488 tam
953 3422 1077 3486 insueta
1092 3442 1155 3486 non
1170 3423 1227 3502 est,
1251 3423 1288 3486 ut
1304 3421 1430 3486 coniec-

251 3527 344 3592 turae
362 3546 445 3610 ‘opus
470 3528 520 3593 sit.

359 3634 578 3699 Fleckeisenus
602 3635 635 3699 in
658 3635 752 3700 initio
775 3655 883 3700 versus
908 3633 1029 3698 codices
1053 3635 1192 3698 recentes
1216 3633 1341 3698 secutus
1365 3635 1428 3715 est,

250 3737 308 3824 qui
330 3741 455 3823 praeter
478 3740 555 3805 duos
579 3741 652 3805 illos
676 3760 748 3806 cnm
770 3740 924 3805 Bembino
959 3739 1187 3806 consentientes
1211 3739 1292 3804 hanc
1314 3737 1428 3802 lectio-

250 3862 325 3908 nem
348 3846 512 3910 exhibent:

360 3952 481 4034 ᾖΜιιιι,
506 3972 598 4018 mane
620 3952 780 4035 inquam.“

357 4056 418 4121 Pro
456 4060 616 4142 „egomet“
642 4057 692 4121 vir
714 4058 769 4121 ille
792 4057 903 4121 doctus
927 4076 1000 4121 cum
1034 4056 1149 4120 Bothio
1176 4058 1272 4138 „ego“
1299 4053 1425 4119 scribit.

248 4160 304 4226 Sic
328 4161 429 4245 igitur
451 4165 538 4228 totus
561 4182 670 4228 versus
694 4162 778 4246 apud
801 4162 1038 4227 Fleckeisenum
1060 4163 1178 4226 exstat:

359 4267 480 4350 „Mane
506 4288 596 4333 meuc
619 4269 758 4352 inquam.
805 4269 872 4351 Ego
895 4287 945 4332 me
967 4267 1042 4332 novi
1057 4270 1089 4332 et
1104 4267 1269 4350 peccatum
1284 4269 1426 4329 meum.“
