3078 4906
667 265 865 374 46-

277 505 370 588 apud
394 505 524 570 Latinos
547 503 662 588 duplex
678 501 825 587 prosodia
843 501 878 565 in
893 501 1047 584 uenerat,
1071 499 1171 565 altera
1184 499 1349 583 vulgarem

171 630 347 678 sermonem
370 613 479 677 secuta
500 628 676 695 magnaque
699 627 735 674 ex
758 609 848 692 parte
871 627 907 672 ex
929 607 1060 672 accentu
1075 603 1224 689 pendens,
1248 603 1349 670 altera

171 736 245 784 cum
267 736 361 782 versu
383 717 509 782 heroico
533 716 572 782 ab
596 715 698 780 Ennio
721 715 756 779 in
776 713 897 797 epicam
919 713 1039 796 poesim
1053 711 1244 794 introducta,
1268 729 1350 795 quae

170 821 363 888 Graecorum
379 823 578 888 severitatem
592 821 788 888 imitabatur.
812 815 923 884 Poetae
940 818 1104 900 scaenicos,
1129 817 1185 902 qui
1207 816 1350 901 plerum·

171 947 232 1013 que
255 928 398 1010 homines
422 927 572 1012 explebe
595 928 679 992 ortos
702 926 737 992 in
759 925 929 1008 conspectu
950 925 1168 1008 proponerent,
1193 923 1233 988 ad
1255 922 1349 988 fami·

170 1033 281 1100 liarem
308 1033 435 1099 dicendi
461 1031 723 1098 consuetudinem
746 1050 778 1097 se
802 1029 988 1114 applicasse,
1023 1031 1265 1095 consentaneum
1289 1029 1346 1092 est.

171 1140 265 1220 Qec
285 1139 439 1223 quoniam·
456 1155 604 1222 magnam
631 1139 760 1220 partem·
778 1137 913 1202 necantur
932 1137 1115 1220 regebamus
1143 1135 1262 1200 mirum
1284 1150 1347 1199 non

171 1248 232 1328 eet,
266 1245 350 1329 qnod
372 1245 412 1310 ira
440 1245 666 1313 vocabulorum
689 1244 820 1329 syllabis
844 1243 1005 1326 finalibus
1030 1243 1148 1327 quippo
1170 1263 1250 1326 qnae
1271 1261 1350 1311 aaa

171 1370 270 1435 quern
290 1353 455 1416 accentum
486 1351 598 1434 foreat,
635 1351 802 1435 longarum
839 1349 996 1418 vocalium
1030 1350 1153 1432 pondus
1187 1348 1348 1418 interdum

170 1457 464 1542 mmnmeelur)

179 1617 182 1622 .
278 1563 451 1647 Praecipue
473 1563 606 1631 ultimae
633 1562 858 1630 uocabulorum
885 1561 1096 1630 iambicoruna
1117 1561 1262 1645 syllabae
1279 1579 1348 1628 cor·

171 1669 385 1752 upabencn„
404 1668 469 1735 sive
491 1670 530 1734 in·
549 1669 770 1734 consonantem
793 1667 979 1736 desinebant
1000 1667 1067 1735 sire
1080 1667 1184 1734 vocali·
1196 1667 1349 1734 mnne

172 1776 297 1841 bantur.
345 1775 444 1841 Cuius
466 1776 514 1841 rei
537 1795 616 1861 quea
640 1775 683 1842 sit
705 1793 808 1856 causa,
832 1775 872 1840 in<
890 1775 953 1840 dno
967 1771 1348 1855 commentationisexpo-

171 1899 246 1946 nere
268 1880 351 1946 mibi
373 1881 532 1964 proposui.
573 1879 719 1946 Ceterum
741 1880 801 1946 boo
838 1880 992 1964 respicias⁴
1023 1879 1132 1960 velina
1164 1897 1202 1945 ea
1221 1880 1350 1944 tantum

173 1986 354 2054 condicione
392 1987 620 2070 correptionem
654 2005 720 2052 esse
759 1987 967 2068 statuendam,
1002 1987 1040 2052 ut
1063 1985 1185 2069 syllaba
1207 1986 1351 2068 correpta

173 2093 275 2158 altera
295 2111 367 2176 pars
392 2092 446 2172 sitv
459 2095 515 2158 aut
539 2092 658 2158 solutae
682 2092 761 2158 arsis
784 2094 840 2157 aut
863 2091 1058 2176 dissyllabae·
1074 2091 1220 2176 thesis.²)f

279 2198 443 2264 Bentleius
466 2198 671 2282 correptionis
695 2197 857 2264 licentiam
871 2196 967 2264 nimie
988 2197 1066 2264 artis
1082 2198 1200 2266 limbus
1217 2197 1349 2282 claudit

175 2322 250 2376 oum
283 2303 363 2370 dicit
395 2304 434 2368 in
454 2303 680 2370 schediasmate
714 2304 752 2368 de
785 2303 895 2368 metris
922 2304 1121 2370 Terentianis
1143 2304 1229 2388 <pag
1253 2303 1351 2372 mv.

174 2409 324 2494 seo-rr:
901 2473 902 2478 .

284 2515 390 2598 „Illud
412 2515 447 2580 in
469 2514 653 2589 universum
676 2515 908 2582 animadvertas
928 2515 1033 2597 velim,
1058 2515 1163 2582 nullas
1185 2535 1242 2582 ooe
1262 2515 1352 2602 [poa

174 2621 223 2686 tae
246 2620 424 2706 scaenicos}
442 2621 589 2706 syllabas,
613 2641 692 2706 quae
715 2623 832 2688 natura
851 2624 883 2688 et
901 2621 1019 2688 vocalis
1042 2641 1117 2688 sono
1140 2621 1254 2706 longao
1275 2623 1354 2690 snut

174 2726 371 2812 corripuisse,
409 2728 460 2794 sed
497 2747 548 2794 aas
571 2729 712 2811 tantum,
747 2745 826 2812 quae
849 2747 905 2812 per
927 2727 1066 2794 vocalem
1089 2728 1220 2812 quidem
1239 2729 1352 2795 mores

174 2922 386 2932 --—--—-—-·

284 3044 310 3112 l)
331 3043 363 3098 (1.
391 3044 567 3100 Hermann
598 3044 747 3130 ⁸Elementa
777 3045 917 3099 doctrinae
944 3045 1081 3098 metricae.
1130 3043 1239 3114 Lipsiae
1271 3043 1349 3101 1816.

176 3131 249 3202 (με.
269 3131 495 3276 677777771161.
532 3208 606 3278 siber
632 3222 816 3293 Ausspracbo,
845 3221 1014 3278 Vooalismus
1043 3221 1099 3276 und
1129 3221 1274 3292 Betonnng
1302 3222 1352 3276 dor

173 3303 354 3364 lttteiniseiren
372 3308 499 3380 Spracbe.
536 3310 649 3381 Leipzig
669 3311 745 3366 1870.
785 3308 850 3379 (11*
866 3327 929 3381 pag.
947 3309 1002 3363 486
1020 3309 1105 3380 seqq.)

282 3414 310 3483 2)
331 3416 379 3471 cir.
397 3416 423 3470 J.
441 3415 534 3472 Brix.
552 3416 762 3488 dusgcwemte
788 3415 939 3472 Kombdien
967 3415 1013 3471 des
1031 3413 1064 3470 T.
1087 3415 1207 3470 Maccius
1225 3414 1351 3470 Plautus.

175 3501 284 3561 thdss:
304 3503 486 3559 Trinummus.
523 3502 571 3561 Iu.
590 3505 661 3560 dail.
680 3506 794 3576 Leipeig
813 3505 890 3559 1889.
912 3504 1036 3575 (praelat
1056 3520 1118 3574 pag.
1139 3503 1173 3558 15
1192 3503 1277 3574 seqq.)

281 3592 313 3648 A.
333 3592 492 3664 Spengel.
529 3595 582 3648 bre
613 3594 768 3650 Kombdien
794 3593 843 3648 des
872 3593 902 3648 P.
922 3593 1074 3649 Terentius.
1102 3591 1126 3646 1.
1145 3591 1208 3646 Bit:
1239 3591 1350 3648 mna

173 3679 273 3740 Berlin
287 3680 366 3736 1875.
404 3681 499 3752 (praei.
518 3700 581 3754 pag.
600 3683 683 3739 XXV.
703 3683 788 3754 seqq.)

283 3767 313 3826 0.
331 3771 508 3826 Daiatako.
545 3771 736 3843 Ausgewltblte
763 3770 914 3826 Kombdien
940 3770 987 3824 des
1005 3768 1035 3823 P.
1055 3769 1199 3824 Terentius
1217 3767 1290 3824 Mer.
1327 3766 1357 3822 L

175 3856 241 3912 nul:
260 3857 388 3914 Phormio
406 3859 519 3930 Leipzig
539 3859 608 3914 1874
628 3861 723 3931 (praef.
742 3877 769 3930 p.
788 3859 844 3927 26).

283 3944 325 4000 W.
345 3945 500 4018 Wagner.
537 3947 569 4002 P.
597 3948 716 4018 Terentii
748 3940 858 4001 Hauton
886 3947 1114 4000 Timoroumenos.
1150 3944 1245 4000 Berlin
1273 3943 1355 4000 1872.

178 4033 273 4104 (praef.
291 4050 354 4105 pag.
375 4035 409 4089 18
428 4036 513 4107 seqq.)

283 4140 311 4208 3)
330 4140 363 4195 It.
382 4141 548 4213 Bentley.
585 4143 615 4198 P.
636 4141 758 4197 Terentii
767 4141 827 4197 aar
846 4142 999 4198 comoediae
1017 4158 1118 4197 recens.
1138 4145 1270 4212 notusque
1289 4156 1355 4195 suae

176 4231 207 4283 et
232 4227 367 4284 Gabriells
397 4229 496 4286 Faerni
524 4231 638 4286 addidit.
675 4230 766 4286 Kiliac
795 4232 871 4285 1846.
911 4229 1104 4300 [Praemissum
1123 4233 1177 4286 est:
1197 4229 1239 4284 Dc
1257 4229 1355 4283 metria

175 4315 346 4374 rennuente
364 4317 541 4390 Pyrallum]
